1942 3100
647 115 760 164 ΜΒ.
799 122 887 163 V11
929 113 1227 179 325—384.
1707 123 1766 175 13

170 244 492 311 praecipitare
527 261 689 294 meam
724 244 836 293 satis
870 255 1075 307 potuere
1110 252 1377 293 senectam.

172 343 272 375 non
310 326 539 374 iratorum
575 325 771 388 populis
805 326 1011 386 urbique
1047 324 1253 372 deorum
1289 331 1364 370 est

172 405 464 469 Pompeium
500 421 692 454 seruare
727 406 920 454 ducem.
981 419 1108 467 quae
1141 401 1338 451 uincere
1373 411 1591 464 possent,
1690 421 1767 466 355

171 486 339 536 omnia
372 486 684 537 contulimus.
758 485 950 534 subiere
986 484 1204 547 pericula
1237 483 1354 531 clari

171 576 348 631 sponte
383 566 487 626 uiri,
526 582 759 629 sacraque
794 567 1023 628 antiquus
1057 564 1271 627 imagine
1306 563 1460 613 miles.

173 649 214 697 si
250 648 426 699 Curios
459 647 535 696 his
570 649 671 697 fata
705 649 879 696 darent
914 647 1219 708 reducesque
1257 645 1492 695 Camillos

169 729 483 792 temporibus
509 728 793 790 Deciosque
827 736 978 789 caput
1010 729 1157 776 fatale
1191 726 1435 785 uouentis,

171 809 287 857 hinc
323 818 516 858 starent.
589 809 752 872 primo
787 818 958 871 gentes
996 808 1201 858 Oriente
1236 814 1452 868 coactae,
1688 818 1768 872 360

168 892 555 954 innumeraeque
589 892 749 947 urbeS,
788 898 995 952 quantas
1031 888 1083 936 in
1118 888 1305 951 proelia
1339 905 1623 953 numquam,

168 971 392 1022 exciuere
427 989 612 1021 manus.
687 981 794 1020 toto
830 970 973 1019 simul
1009 969 1189 1018 utimur
1223 971 1355 1019 orbe.

168 1052 410 1116 quidquid
446 1053 657 1116 signiferi
693 1068 1042 1115 comprensum
1077 1051 1230 1100 limite
1267 1052 1387 1100 caeli

168 1137 260 1184 sub
298 1136 468 1184 Noton
501 1143 550 1183 et
583 1137 771 1183 Borean
807 1133 1066 1182 hominum
1101 1149 1282 1192 sumuS,
1321 1150 1457 1182 arma
1490 1150 1761 1185 monemus

169 1233 338 1266 nonne
372 1216 638 1278 superfusis
674 1217 936 1265 collectum
972 1214 1202 1263 cornibus
1239 1216 1433 1265 hostem
1686 1225 1763 1277 365

166 1297 217 1346 in
253 1297 472 1346 medium
509 1296 774 1346 dabimus?
841 1312 1026 1359 paucas
1062 1295 1268 1345 uictoria
1303 1298 1496 1346 dextras

166 1377 327 1441 exigit,
365 1387 415 1426 at
450 1379 614 1440 plures
653 1387 844 1426 tantum
881 1379 1095 1425 clamore
1130 1387 1356 1426 cateruae

165 1460 295 1508 bella
328 1467 511 1522 gerent.
585 1461 769 1509 Caesar
804 1458 981 1508 nostris
1016 1474 1118 1506 non
1154 1458 1332 1506 sufficit
1366 1457 1526 1508 armis.

164 1538 350 1588 credite
384 1540 661 1602 pendentes
697 1557 724 1589 e
762 1539 963 1589 summis
998 1538 1262 1587 moenibus
1297 1539 1429 1588 urbis

164 1618 380 1668 crinibus
417 1620 582 1669 effusis
618 1621 799 1671 hortari
835 1621 886 1669 in
922 1620 1111 1683 proelia
1146 1629 1337 1669 matres.
1685 1638 1764 1682 370

165 1699 351 1749 credite
385 1701 719 1763 grandaeuum
755 1702 1061 1763 uetitumque
1098 1710 1258 1750 aetate
1296 1711 1522 1749 senatum

163 1795 300 1828 arma
334 1779 473 1842 sequi
509 1797 671 1831 sacros
705 1782 916 1845 pedibus
951 1789 1257 1844 prosternere
1292 1797 1459 1841 canOS‚

163 1869 312 1922 atque
346 1860 506 1923 ipsam
541 1861 731 1911 domini
766 1871 1069 1911 metuentem
1107 1878 1358 1910 occurrere
1395 1865 1623 1912 Romam.

161 1940 347 1990 credite
382 1941 467 2004 qui
502 1959 635 1992 nunc
670 1952 744 1992 est
780 1945 994 2006 populus
1029 1945 1368 2007 populumque
1403 1946 1618 1994 futurum

111 2016 116 2017 ⁷
160 2023 426 2085 permixtas
461 2025 648 2074 adferre
684 2041 869 2087 preces.
941 2025 1064 2073 haec
1099 2023 1252 2074 libera
1286 2025 1436 2085 nasci,
1682 2044 1756 2088 375

159 2102 282 2152 haec
318 2106 422 2154 uolt
457 2107 601 2154 turba
635 2105 771 2155 mori.
847 2104 887 2154 si
922 2106 1030 2168 quis
1067 2115 1182 2169 post
1218 2108 1419 2169 pignera
1454 2116 1592 2157 tanta

162 2185 404 2248 Pompeio
440 2188 579 2236 locus
614 2196 700 2248 est,
741 2203 854 2236 cum
891 2188 1028 2249 prole
1065 2196 1114 2235 et
1149 2188 1358 2252 coniuge
1395 2191 1614 2252 supplex,

159 2263 351 2327 imperii
385 2267 523 2315 salua
558 2267 598 2316 si
633 2267 890 2316 maiestate
925 2268 1106 2326 liceret,

157 2346 383 2394 uoluerer
417 2356 531 2396 ante
567 2348 734 2410 pedeS.
810 2350 1039 2410 Magnus,
1079 2347 1172 2396 nisi
1207 2347 1417 2409 uincitis,
1455 2351 1605 2410 exsul,

158 2423 424 2473 ludibrium
461 2427 631 2485 soceri,
669 2435 831 2475 uester
865 2429 1040 2489 pudor,
1079 2428 1250 2476 ultima
1286 2430 1386 2477 fata
1676 2439 1756 2493 380

156 2503 398 2565 deprecor
432 2522 489 2554 ac
526 2513 694 2568 turpes
729 2506 932 2555 extremi
966 2506 1178 2556 cardinis
1214 2524 1385 2570 annos,

155 2597 218 2631 ne
254 2582 442 2632 discam
479 2585 659 2635 seruire
694 2586 874 2635 senex?
943 2596 1044 2635 tam
1079 2596 1268 2636 maesta
1302 2589 1454 2638 locuti

154 2676 280 2709 uoce
315 2663 453 2711 ducis
491 2665 695 2728 flagrant
730 2665 879 2714 animi
917 2668 1246 2729 Romanaque
1282 2668 1433 2718 uirtus

154 2741 378 2806 erigitur3
428 2746 710 2808 placuitque
746 2746 883 2805 mori,
921 2746 960 2795 si
995 2763 1111 2796 uera
1147 2749 1349 2798 timeret.
