1942 3100
600 151 714 194 ΜΒ.
753 151 843 192 vn
884 140 1180 206 502—568.
1668 149 1731 202 19

124 277 206 328 hic
239 291 474 326 numerus
508 283 642 325 totos
678 274 769 324 tibi
807 273 986 324 uestiat
1021 271 1214 322 ossibus
1249 286 1421 335 agros:

125 368 211 409 aut
245 357 287 408 si
323 360 559 407 Romano
592 355 832 419 compleri
868 352 1104 418 sanguine
1139 353 1312 411 mauis,

125 439 231 490 istis
265 454 416 503 parce
451 454 627 502 precor
642 456 655 498 3
703 436 874 506 uiuant
910 435 1217 496 Galataeque
1254 431 1473 496 Syrique,
1655 447 1733 491 540

126 521 458 585 Cappadoces
493 518 724 581 Gallique
761 518 1063 579 extremique
1099 516 1230 565 orbis
1267 513 1461 575 Hiberi,

126 591 363 659 Armenii,
401 598 583 651 Cilices
599 616 614 660 ;
659 614 778 646 narn
813 606 927 660 post
963 595 1127 645 ciuilia
1161 596 1293 645 bella

124 681 206 732 hie
239 682 457 750 populus
491 682 754 731 Romanus
790 678 897 728 erit.
966 679 1119 728 semel
1157 687 1290 727 ortus
1326 675 1378 725 in
1414 692 1591 727 omnes

124 761 165 813 it
199 761 360 822 timor,
396 769 447 810 et
480 759 594 809 fatis
628 760 774 808 datus
811 767 883 808 est
917 775 1009 822 pro
1045 760 1257 810 Caesare
1292 774 1475 807 cursuS.

205 902 304 950 17ae
335 901 498 962 bloody
516 899 656 962 fight
685 899 738 947 in
775 899 852 946 tlze
884 904 1051 947 centre.
1131 897 1348 946 Caesar's
1380 897 1586 959 activity.

191 1005 415 1054 Ventum
450 1010 554 1052 erat
584 1001 650 1051 ad
679 1002 830 1050 robur
862 999 1036 1065 Magni
1067 999 1355 1064 mediasque
1387 1008 1623 1058 cateruas.
1651 1017 1728 1062 545

125 1084 264 1148 quod
298 1091 432 1133 totos
468 1098 629 1133 errore
662 1099 794 1145 uago
829 1082 1112 1145 perfuderat
1145 1096 1302 1144 agrOS,

125 1163 347 1215 constitit
381 1161 462 1212 hic
494 1164 698 1224 bellum,
734 1164 1030 1224 fortunaque
1065 1161 1291 1212 Caesaris
1325 1161 1495 1212 haesit.

124 1245 226 1294 illic
259 1260 364 1294 non
397 1260 568 1308 regum
603 1242 793 1292 auxiliis
829 1243 1039 1292 collecta
1073 1243 1304 1291 iuuentus

125 1326 258 1376 bella
290 1324 414 1388 gerit
445 1325 727 1386 ferrumque
759 1339 936 1371 manus
974 1338 1176 1371 mouere
1209 1330 1437 1386 rogatae:

125 1405 208 1456 ille
242 1406 382 1455 locus
417 1405 586 1454 fratres
621 1401 794 1453 habuit
829 1405 969 1452 locus
1005 1401 1087 1452 ille
1119 1411 1363 1466 parentes
1652 1419 1732 1464 550

125 1486 208 1536 hic
239 1487 386 1546 furor,
423 1485 506 1534 hic
539 1486 718 1546 rabieS,
754 1484 835 1533 hic
871 1493 986 1533 sunt
1019 1492 1106 1533 tua
1140 1483 1359 1543 crimina,
1398 1484 1613 1534 Caesar:

123 1570 255 1618 hanc
287 1570 415 1632 fuge,
451 1584 606 1628 mens,
644 1566 761 1615 belli
798 1576 988 1630 partem
1024 1566 1343 1630 tenebrisque
1377 1566 1614 1631 relinque,

123 1649 360 1712 nullaque
393 1657 643 1698 tantorum
679 1647 837 1696 discat
873 1663 953 1696 me
989 1656 1104 1696 uate
1138 1647 1395 1706 malorum,

125 1744 276 1792 quam
311 1730 522 1778 multum
557 1726 699 1777 bellis
735 1727 882 1776 liceat
916 1727 1158 1788 ciuilibuS,
1197 1736 1344 1776 aetas.

124 1825 156 1858 a
189 1807 355 1873 potius
389 1817 595 1872 pereant
629 1805 860 1856 lacrimae
896 1817 1201 1870 pereantque
1238 1809 1515 1870 querellae,
1653 1825 1728 1870 555

125 1888 368 1954 quidquid
403 1889 455 1939 in
490 1891 587 1939 hac
620 1889 726 1939 acie
761 1888 968 1952 gessisti,
1007 1891 1186 1949 Roma,
1225 1890 1417 1939 tacebo,

124 1969 207 2020 hic
242 1972 437 2030 Caesar,
475 1969 636 2020 rabies
671 1969 846 2033 populi
882 1969 1211 2033 stimulusque
1245 1972 1479 2027 furorum,

124 2066 190 2100 ne
224 2067 322 2114 qua
355 2060 494 2114 parte
529 2050 605 2100 sui
639 2060 810 2114 pereat
845 2052 1019 2112 scelus,
1058 2051 1257 2115 agmina
1291 2051 1475 2101 circum

123 2130 164 2180 it
198 2147 352 2195 uagus
387 2140 537 2194 atque
571 2130 749 2180 animis
786 2131 925 2194 ignes
960 2131 1276 2197 flagrantibus
1311 2132 1482 2195 addit3

122 2210 320 2275 inspicit
356 2220 406 2262 et
439 2213 645 2276 gladiOS,
684 2212 768 2275 qui
802 2212 895 2262 toti
931 2215 1168 2276 sanguine
1203 2223 1420 2272 manent,
1652 2223 1731 2276 560

125 2293 210 2355 qui
244 2292 436 2342 niteant
471 2292 632 2356 primo
666 2302 860 2342 tantum
895 2310 1135 2343 mucrone
1171 2295 1374 2354 cruenti,

125 2387 252 2435 quae
286 2387 457 2435 presso
491 2381 669 2422 tremat
706 2388 823 2422 ense
860 2390 1048 2432 manus,
1086 2373 1197 2437 quis
1233 2375 1468 2438 languida
1502 2377 1613 2437 tela,

126 2451 235 2516 quis
270 2461 508 2502 contenta
541 2454 677 2513 ferat,
716 2454 825 2516 quis
862 2465 1077 2517 praestet
1112 2456 1244 2505 bella
1277 2454 1485 2515 iubenti,

125 2547 276 2595 quern
310 2548 528 2595 pugnare
562 2533 714 2593 iuuet,
753 2533 862 2596 quis
898 2536 1089 2583 uoltum
1125 2535 1235 2584 ciue
1269 2546 1526 2601 perempto

124 2620 283 2661 mutet
300 2629 316 2673 3
363 2611 470 2662 obit
504 2611 614 2662 latis
649 2612 870 2676 proiecta
904 2616 1151 2664 cadauera
1185 2618 1372 2679 campis
1390 2633 1405 2677 3
1650 2625 1726 2678 565

124 2693 329 2742 uolnera
363 2694 634 2741 multorum
667 2702 830 2742 totum
866 2696 1032 2743 fusura
1066 2711 1290 2745 cruorem

122 2770 354 2835 opposita
387 2774 567 2835 premit
602 2773 708 2837 ipse
744 2790 909 2823 manu.
981 2791 1298 2839 quacumque
1334 2786 1549 2841 uagatur,

125 2853 451 2915 sanguineum
485 2853 638 2903 ueluti
674 2854 900 2916 quatiens
937 2858 1144 2906 Bellona
1180 2858 1441 2920 flagellum,

1464 2969 1590 3001 2—2
