1942 3100
177 120 238 172 16
587 133 816 174 LVCANI
854 135 936 174 DE
975 135 1170 176 BELLO
1209 137 1399 177 CIVILI

234 253 430 302 aethere
465 254 791 313 Thessalicas,
828 263 992 303 teneat
1027 272 1140 303 cum
1175 257 1394 316 fulmina,
1431 259 1644 308 caedes?

235 331 419 382 scilicet
454 332 561 395 ipse
596 343 730 396 petet
767 336 1004 395 Pholoen,
1041 345 1176 398 petet
1212 337 1406 400 ignibus
1443 339 1605 388 Oeten

237 411 605 475 immeritaeque
639 431 813 463 nemus
851 416 1121 478 Rhodopes
1156 416 1402 480 pinusque
1437 418 1720 469 Mimantis:

235 492 434 544 Cassius
471 494 567 541 hoc
601 493 764 554 potius
799 495 937 543 feriet
973 497 1159 557 caput?
1225 506 1354 545 astra
1388 498 1633 560 Thyestae
1738 517 1814 559 451

234 572 411 630 intulit,
448 581 496 621 et
532 572 702 621 subitis
739 575 994 624 damnauit
1029 577 1259 625 noctibus
1294 580 1485 639 Argos:

232 662 307 702 tot
341 651 521 700 similes
555 653 752 700 fratrum
788 654 976 716 gladios
1012 664 1302 718 patrumque
1335 657 1522 719 gerenti

232 732 515 781 Thessaliae
550 732 687 781 dabit
724 733 805 782 ille
840 734 1009 784 diem?
1075 737 1299 786 mortalia
1333 737 1452 785 nulli

232 822 344 861 sunt
379 821 543 860 curata
578 814 686 861 deo.
759 814 911 862 cladis
948 825 1112 864 tamen
1148 817 1290 865 huius
1324 818 1562 867 habemus
1658 842 1662 845 ·
1734 835 1812 879 455

230 892 512 950 uindictam,
551 903 785 955 quantam
822 895 956 943 terris
993 898 1109 945 dare
1146 899 1348 946 numina
1380 899 1452 947 fas
1487 907 1573 948 est.

227 974 358 1022 bella
392 990 533 1035 pares
569 974 755 1035 superis
789 975 968 1025 facient
1003 977 1165 1025 ciuilia
1199 977 1341 1027 diuos
1357 996 1372 1039 3

226 1053 511 1102 fulminibus
546 1070 715 1103 manes
749 1055 995 1117 radiisque
1031 1057 1223 1106 ornabit
1259 1067 1307 1106 et
1341 1058 1495 1119 astris,

227 1132 375 1194 inque
409 1134 556 1182 deum
592 1134 788 1197 templis
822 1134 998 1184 iurabit
1034 1138 1198 1185 Roma
1232 1153 1318 1200 per
1352 1141 1559 1187 umbras.

167 1309 264 1356 The
309 1316 465 1371 pause
508 1310 657 1371 before
703 1311 779 1357 tlze
820 1312 975 1358 battle.
1052 1314 1109 1359 It
1152 1313 1192 1359 is
1236 1313 1404 1359 broken
1450 1313 1506 1375 by
1559 1313 1813 1361 Crastinus

291 1390 495 1450 hurling
526 1390 604 1436 his
639 1391 779 1437 lance.
854 1392 1068 1438 Missiles
1105 1392 1208 1437 and
1239 1394 1434 1439 swords.
1503 1393 1810 1463 Lukewafm-

289 1484 391 1515 ness
423 1469 483 1529 of
503 1469 580 1516 the
613 1471 896 1531 Pompeiam
931 1473 1036 1518 and
1063 1473 1247 1519 ardour
1277 1473 1336 1533 af
1358 1474 1435 1519 the
1474 1473 1770 1520 Caesarians.

289 1605 357 1651 Vt
390 1603 562 1665 rapido
597 1620 739 1651 cursu
774 1605 858 1651 fati
896 1620 1122 1666 suprema
1156 1615 1430 1656 morantem
1727 1617 1808 1667 460

222 1699 568 1745 consumpsere
603 1685 782 1741 locum,
821 1700 973 1746 parua
1007 1686 1179 1733 tellure
1215 1685 1456 1749 dirempti,

222 1780 320 1826 quo
357 1780 446 1811 sua
479 1763 580 1825 pila
615 1764 806 1822 cadant,
845 1773 927 1812 aut
963 1780 1112 1826 quam
1149 1764 1242 1814 sibi
1276 1767 1375 1813 fata
1410 1765 1655 1825 min-entur
1725 1778 1804 1830 463

220 1844 336 1892 inde
360 1860 576 1901 manum,
604 1853 857 1906 spectant3
893 1846 1156 1906 uultusque
1179 1862 1237 1893 ac
1260 1862 1463 1895 noscere
1487 1856 1698 1911 tempus,
1723 1858 1804 1908 462

219 1923 391 1973 facturi
425 1939 550 1985 quae
586 1933 802 1972 monstra
837 1925 1007 1972 forent.
1078 1925 1246 1974 uidere
1281 1936 1505 1988 parentes

218 2001 458 2049 frontibus
493 2002 711 2049 aduersis
747 2002 1052 2064 fraternaque
1089 2005 1361 2053 comminus
1396 2021 1559 2066 arma;
1723 2016 1802 2067 465

218 2097 310 2128 nec
343 2080 485 2128 libuit
519 2090 707 2129 mutare
741 2082 935 2130 locum:
977 2092 1143 2130 tamen
1179 2083 1347 2131 omnia
1382 2095 1549 2147 torpor

216 2170 417 2223 pectora
451 2159 752 2218 constrinxit,
790 2161 1077 2223 gelidusque
1111 2163 1162 2209 in
1197 2163 1383 2212 uiscera
1418 2165 1613 2228 sanguis

216 2242 438 2302 perculsa
473 2241 655 2302 pietate
691 2240 803 2300 coit,
843 2250 1073 2303 totaeque
1108 2244 1334 2292 cohortes

215 2320 316 2381 pila
350 2329 517 2382 parata
553 2320 636 2368 diu
672 2321 822 2369 tensis
858 2330 1058 2370 tenuere
1093 2323 1296 2370 lacertis.

215 2400 265 2448 di
300 2399 390 2449 tibi
423 2417 524 2448 non
560 2411 783 2459 mortem,
822 2418 947 2463 quae
982 2402 1170 2450 cunctis
1205 2418 1369 2464 poena
1401 2414 1610 2467 paratur,
1717 2424 1799 2464 470

215 2481 302 2528 sed
337 2496 533 2527 sensum
568 2491 680 2542 post
715 2482 813 2529 fata
849 2492 961 2530 tuae
998 2483 1130 2541 dent,
1168 2483 1406 2540 Crastine,
1441 2485 1597 2544 morti,

213 2559 349 2607 cuius
385 2568 512 2607 torta
545 2576 694 2608 manu
730 2562 975 2610 commisit
1010 2564 1182 2611 lancea
1216 2563 1397 2611 bellum

211 2638 464 2700 primaque
499 2639 802 2687 Thessaliam
838 2644 1068 2690 Romano
1104 2642 1338 2704 sanguine
1372 2643 1527 2693 tinxit.

213 2733 243 2764 o
278 2733 512 2779 praeceps
547 2718 719 2778 rabies,
758 2736 870 2767 cum
907 2722 1087 2769 Caesar
1121 2723 1218 2770 tela
1253 2731 1454 2780 teneret,

213 2795 415 2844 inuenta
450 2806 523 2845 est
557 2797 686 2859 prior
719 2800 816 2845 ulla
851 2803 1062 2848 manus?
1117 2809 1233 2848 tunc
1269 2802 1498 2850 stridulus
1533 2818 1615 2851 aer
1712 2820 1791 2867 475
