1942 3100
679 149 793 191 LIB.
832 148 921 189 V11
959 140 1128 203 78—-1
1141 143 1240 204 37.''
1741 151 1766 206 5

177 280 370 328 tradere
404 278 643 335 fortunae,
681 276 847 338 gladio
881 275 1163 339 permittere
1197 274 1372 326 mundi

178 357 471 408 discrimen:
519 372 739 420 pugnare
774 356 955 406 ducem
990 373 1140 419 quam
1174 357 1374 406 uincere
1410 357 1612 406 malunt.

178 455 255 488 res
290 436 410 486 mihi
445 440 700 486 Romanas
736 438 957 497 dedera5‚
997 440 1224 497 Fortuna,
1263 438 1534 500 regendas:
1697 457 1774 486 110

179 511 351 581 accipe
386 519 594 567 maiores
629 527 679 568 et
713 534 865 567 caeco
900 517 952 566 in
990 520 1152 567 Marte
1186 526 1336 567 tuere.

182 599 389 663 Pompei
424 615 518 649 nec
551 599 738 648 crimen
775 599 863 648 erit
898 615 992 648 nec
1027 597 1181 662 gloria
1214 600 1411 647 bellum.

180 678 338 730 uineis
372 681 508 743 apud
543 695 747 742 superos
783 679 914 728 uotis
949 695 1045 739 me,
1084 680 1280 738 Caesar,
1317 678 1527 742 iniquis:

181 769 436 824 pugnatur.
497 771 738 823 quantum
774 762 1013 810 scelerum
1049 772 1389 822 quantumque
1425 762 1665 808 malorum

179 842 231 891 in
265 842 475 906 populos
509 842 592 890 lux
625 841 719 892 ista
753 843 901 891 feret!
949 850 1070 903 quot
1105 857 1256 903 regna
1288 840 1551 890 iacebunt!
1699 854 1773 898 115

180 922 421 984 sanguine
456 924 690 973 Romano
726 939 875 985 quam
911 923 1135 971 turbidus
1170 921 1260 971 ibit
1296 921 1548 984 Enipeus!

181 1003 340 1066 prima
372 1005 523 1053 uelim
558 1012 708 1067 caput
745 1005 842 1053 hoc
879 1002 1057 1052 funesti
1093 1004 1266 1052 lancea
1302 1003 1432 1063 belli,

181 1083 223 1132 si
257 1083 363 1133 sine
397 1094 654 1134 momento
689 1101 848 1134 rerum
885 1084 1135 1147 partisque
1169 1084 1312 1132 ruina

181 1181 408 1214 casurum
442 1174 531 1224 est,
567 1165 736 1227 feriat3
785 1182 947 1228 neque
984 1165 1115 1215 enim
1151 1164 1357 1215 uictoria
1394 1167 1581 1229 Magno

182 1245 366 1296 laetior.
436 1255 521 1295 aut
555 1246 753 1309 populis
789 1245 1001 1296 inuisum
1038 1248 1131 1295 hac
1167 1248 1308 1296 clade
1342 1255 1542 1309 peracta
1701 1262 1777 1291 120

183 1335 267 1375 aut
300 1326 450 1376 hodie
486 1327 751 1391 Pompeius
788 1327 878 1376 erit
913 1327 1190 1376 miserabile
1225 1343 1426 1376 nornen.

183 1423 332 1457 omne
366 1410 552 1457 malurn
587 1408 721 1467 uicti,
760 1409 895 1470 quod
932 1424 1035 1456 sors
1070 1410 1190 1456 feret
1227 1407 1400 1456 ultima
1435 1422 1606 1464 rerum,

183 1503 333 1538 omne
366 1491 505 1538 nefas
540 1488 743 1537 uictoris
780 1488 902 1538 erit.'

425 1626 523 1674 lee
557 1626 842 1689 Pompeiam
877 1627 1013 1675 make
1048 1630 1191 1690 ready
1209 1628 1305 1690 for
1335 1627 1488 1675 battle.

902 1727 971 1777 sic
1005 1730 1144 1789 fatur,
1183 1738 1232 1778 et
1267 1744 1403 1776 arma

185 1807 423 1873 permittit
456 1808 654 1872 populis
689 1810 952 1871 frenosque
987 1810 1260 1858 furentibus
1297 1808 1367 1856 ira

185 1891 317 1938 laxat
350 1898 400 1938 et
419 1888 682 1948 Jut‘ssuictus
716 1889 937 1939 uiolento
972 1888 1139 1938 nauita
1175 1891 1307 1939 Coro
1590 1920 1593 1925 -
1709 1901 1783 1945 125

186 1971 271 2020 dat
304 1957 522 2035 regimen
558 1971 735 2030 uentis,
771 1971 1106 2035 ignauumque
1141 1979 1244 2019 arte
1278 1970 1446 2019 relicta

185 2051 368 2115 puppis
404 2067 531 2100 onus
566 2051 784 2100 trahitur.
857 2050 1051 2114 trepido
1086 2051 1292 2099 confusa
1327 2053 1538 2100 tumultu

185 2141 344 2181 castra
375 2132 603 2192 fremunt,
640 2130 894 2195 animique
930 2141 1091 2180 truces
1127 2148 1216 2186 sua
1251 2141 1452 2195 pectora
1486 2132 1685 2194 pulsant

185 2211 366 2262 ictibus
400 2212 608 2262 incertis.
685 2214 951 2262 multorum
987 2214 1144 2276 pallor
1178 2212 1230 2260 in
1265 2228 1350 2261 ore

187 2290 357 2340 mortis
391 2301 674 2341 uenturaest
709 2293 960 2354 faciesque
995 2292 1242 2340 simillima
1276 2294 1390 2342 fato,
1709 2310 1786 2351 130

189 2369 449 2419 aduenisse
485 2370 615 2419 diem
652 2372 737 2435 qui
771 2373 926 2420 fatum
961 2373 1105 2420 rebus
1140 2371 1191 2419 in
1226 2388 1404 2419 aeuum

189 2452 426 2501 conderet
459 2451 704 2512 humanis,
742 2462 790 2502 et
826 2453 1007 2515 quaeri,
1046 2454 1212 2500 Roma
1246 2451 1365 2514 quid
1401 2460 1543 2510 esset,

189 2532 276 2581 illo
312 2533 488 2590 Marte,
526 2533 693 2594 palam
729 2542 814 2582 est,
889 2550 977 2581 sua
1011 2533 1220 2595 quisque
1254 2533 1472 2596 pericula
1506 2531 1662 2581 nescit

190 2610 430 2661 attonitus
464 2611 652 2660 maiore
689 2622 836 2662 metu.
911 2613 1019 2675 quis
1054 2611 1196 2661 litora
1230 2621 1386 2674 ponto

192 2693 382 2750 obruta,
419 2690 530 2753 quis
566 2693 771 2741 summis
807 2709 1013 2742 cernens
1047 2693 1097 2741 in
1133 2693 1384 2742 montibus
1416 2707 1613 2756 aequor,
1710 2707 1782 2751 135

193 2773 491 2833 aetheraque
526 2771 576 2818 in
614 2781 764 2820 terras
799 2773 994 2821 deiecto
1029 2774 1132 2822 sole
1168 2774 1443 2832 cadentem,

194 2858 269 2899 tot
302 2867 460 2899 rerum
499 2852 664 2910 finem,
703 2851 873 2900 timeat
908 2852 1038 2902 sibi?
1105 2868 1206 2901 non
1242 2861 1387 2901 uacat
1421 2853 1547 2901 ullos
