1942 3100
677 137 792 180 LIB.
829 137 918 177 vn
962 127 1166 192 198-2
1174 127 1253 192 56.

198 260 313 309 illuc
348 269 398 310 et
433 259 596 330 Libye
624 260 867 310 Numidas
904 268 954 310 et
989 262 1135 311 Creta
1170 261 1404 323 Cydonas

198 340 359 391 misit:
409 340 616 391 Ituraeis
652 358 820 390 cursus
855 341 946 390 fuit
980 341 1098 391 inde
1134 341 1348 405 sagittis:

199 421 330 482 inde,
367 430 528 470 truces
563 421 707 480 Galli,
746 421 944 471 solitum
979 422 1208 485 prodistis
1245 422 1295 470 in
1332 423 1557 471 hostem:

198 498 298 547 illic
331 515 582 562 pugnaces
615 500 887 548 commouit
926 499 1135 549 Hiberia
1169 511 1370 549 caetras.

198 578 332 642 eripe
366 578 540 628 uictori
573 589 761 642 genteS,
799 590 848 629 et
883 581 1118 643 sanguine
1153 582 1326 629 mundi

197 659 320 718 quO,
362 660 561 722 Magne,
599 661 752 709 semel
787 669 920 710 totos
953 677 1192 710 consume
1228 661 1515 723 triumphos.

406 775 586 823 Caesar
618 775 844 823 dzlvcovers
878 777 988 823 that
1018 777 1097 823 tlte
1128 777 1254 824 bour
1285 777 1376 824 lzas
1408 791 1538 824 come.

266 862 362 911 1110
395 863 520 910 forte
555 861 637 910 die
673 862 858 911 Caesar
892 862 1103 911 statione
1139 863 1307 912 relicta

197 941 263 989 ad
297 949 518 1003 segetum
553 949 719 1002 raptus
754 949 978 990 moturus
1014 940 1165 1004 signa,
1203 949 1404 1003 repente

197 1020 440 1084 conspicit
473 1021 526 1070 in
559 1022 736 1085 planos
771 1022 963 1071 hostem
1002 1023 1304 1071 descendere
1339 1037 1561 1084 campOS,

199 1102 520 1164 oblatumque
556 1099 692 1149 uidet
728 1100 858 1150 uotis
895 1100 987 1149 sibi
1024 1101 1158 1150 mille
1193 1101 1404 1165 petitum

196 1190 409 1244 tempus,
443 1180 495 1229 in
529 1190 773 1230 extremos
808 1197 909 1243 quo
945 1180 1158 1230 mitteret
1194 1181 1362 1229 omnia
1396 1197 1551 1229 casus.

198 1278 342 1325 aeger
375 1261 560 1326 quippe
594 1278 761 1310 morae
797 1262 1102 1326 flagransque
1138 1261 1372 1324 cupidine
1408 1260 1546 1325 regni

119 1408 126 1414 .
199 1351 430 1405 coeperat
465 1340 643 1404 exiguo
679 1351 833 1390 tractu
868 1341 1032 1390 ciuilia
1067 1343 1196 1391 bella

199 1432 254 1472 ut
287 1424 474 1472 lentum
510 1424 744 1472 damnare
778 1424 928 1471 nefas.
1002 1420 1283 1470 discrimina
1318 1431 1580 1485 postquam

200 1503 468 1553 aduentare
502 1504 687 1552 ducum
721 1519 1046 1566 supremaque
1080 1502 1266 1565 proelia
1300 1503 1437 1564 uidit,

198 1598 420 1632 casuram
455 1590 504 1631 et
533 1583 618 1632 fati
653 1583 804 1632 sensit
839 1592 1012 1631 nutare
1046 1582 1250 1641 ruinam,

200 1663 285 1712 illa
319 1679 518 1726 quoque
552 1663 603 1711 in
637 1665 816 1713 ferrum
851 1664 1010 1713 rabies
1045 1661 1414 1727 promptissima
1450 1665 1652 1726 paulum

201 1743 401 1807 languit,
438 1752 487 1792 et
520 1759 664 1792 casus
697 1745 860 1792 audax
895 1746 1141 1806 spondere
1176 1745 1423 1792 secundos

202 1839 343 1872 mens
378 1822 511 1872 stetit
545 1822 597 1871 in
633 1823 800 1882 dubio,
838 1840 989 1886 quam
1026 1841 1119 1873 nec
1155 1841 1243 1873 sua
1277 1827 1377 1873 fata
1412 1824 1583 1874 timere

201 1920 297 1953 nec
332 1903 504 1967 Magni
540 1920 734 1967 sperare
769 1903 947 1952 sinunt.
1020 1905 1281 1954 formidine
1317 1923 1476 1955 mersa

202 1983 393 2047 prosilit
425 1985 672 2034 hortando
707 1984 880 2034 melior
914 1985 1095 2033 fiducia
1130 1987 1294 2049 uolgo.

552 2092 772 2141 Caesar's
806 2092 1002 2141 address
1034 2098 1081 2140 to
1115 2093 1191 2140 lzz‘s
1225 2098 1394 2155 troops.

273 2179 346 2228 ‘O
383 2177 598 2228 domitor
632 2177 818 2238 mundi,
854 2194 1015 2227 rerum
1052 2180 1246 2228 fortuna
1282 2195 1513 2240 mearum,

204 2257 359 2316 mileS‚
396 2258 537 2308 adest
572 2258 754 2308 totiens
789 2267 987 2322 optatae
1023 2259 1167 2323 copia
1202 2275 1406 2323 pugnae.

204 2338 274 2386 nil
308 2354 435 2400 opus
471 2346 545 2388 est
573 2338 738 2398 uotis;
784 2338 881 2388 iam
918 2341 1072 2387 fatum
1108 2339 1342 2388 accersite
1377 2341 1515 2388 ferro.

205 2419 256 2466 in
291 2417 521 2466 manibus
555 2418 742 2477 uestris,
780 2428 993 2480 quantus
1030 2418 1091 2466 sit
1127 2419 1322 2477 Caesar,
1359 2419 1562 2468 habetis,

209 2500 331 2546 haec
367 2506 441 2547 est
475 2497 559 2547 illa
592 2498 699 2548 dies
734 2498 855 2546 mihi
890 2514 1039 2561 quam
1076 2497 1352 2547 Rubiconis
1386 2500 1451 2548 ad
1487 2500 1644 2549 undas

206 2576 499 2640 promissam
534 2577 752 2636 memini,
790 2577 929 2627 cuius
964 2594 1051 2640 spe
1086 2577 1333 2627 mouimus
1368 2594 1516 2637 arma,

206 2659 258 2706 in
293 2673 442 2720 quam
478 2656 755 2706 distulimus
790 2657 969 2707 uetitos
1003 2672 1221 2706 remeare
1257 2656 1532 2720 triumphos
1551 2676 1565 2718 3

300 2764 404 2805 haec
431 2765 578 2806 eadem
607 2771 681 2811 est,
711 2765 836 2805 hodie
864 2778 969 2817 quae
998 2764 1169 2817 pignora
1199 2777 1386 2817 quaeque
1417 2773 1586 2818 penates

301 2831 447 2872 reddat
475 2838 515 2871 et
543 2832 716 2872 emerito
744 2831 866 2872 faciat
894 2844 968 2871 uos
998 2832 1133 2871 Marte
1161 2831 1342 2871 colonos.

1713 359 1794 400 230

1715 879 1792 923 235

1717 1280 1796 1318 240

1717 1680 1794 1724 245

1721 2198 1801 2241 250

1722 2596 1798 2638 255

1726 2833 1801 2880 258
