1942 3100
654 145 767 186 LIB.
805 144 894 184 vn
934 146 963 184 2
973 144 1231 199 59—-324,
1717 141 1738 179 1
1754 141 1773 179 1

180 270 381 322 uicistis.
454 267 628 318 uideor
661 266 840 316 fluuios
876 275 1096 330 spectare
1132 264 1314 314 cruoris

181 355 496 414 calcatosque
531 351 676 399 simul
710 366 848 412 reges
883 363 1203 411 sparsumque
1240 353 1438 394 senatus

181 451 357 498 corpus
392 442 442 482 et
476 431 719 480 immensa
753 432 966 493 populos
1001 428 1053 478 in
1087 429 1241 477 caede
1276 426 1505 476 natantis,

182 517 271 567 sed
306 532 419 566 mea
451 516 552 563 fata
586 527 764 573 moror,
802 510 887 574 qui
920 527 1011 560 uos
1047 510 1099 558 in
1133 511 1231 559 tela
1265 509 1468 558 furentis
1701 522 1779 566 295

181 597 389 647 uocibus
422 595 499 644 his
534 605 697 644 teneo.
769 591 966 642 ueniam
1002 594 1117 641 date
1153 593 1283 640 bella
1316 588 1556 639 trahenti:

183 695 273 743 spe
307 677 530 742 trepido:
566 676 700 724 haud
735 690 974 737 umquam
1009 674 1113 723 uidi
1147 683 1249 722 tam
1284 689 1464 736 magna
1497 673 1698 721 daturos

183 770 286 810 tam
320 775 474 824 prope
510 773 590 807 me
626 772 830 820 superos
847 772 862 815 3
908 771 1195 817 camporum
1230 755 1386 804 limite
1421 770 1574 817 paruo

182 842 417 890 absumus
451 855 482 887 a
514 839 675 887 uotis:
723 852 813 900 ego
850 852 957 884 sum
995 835 1075 883 cui
1114 837 1274 883 Marte
1310 843 1527 897 peract0‚

183 935 312 984 quae
346 917 518 982 populi
552 933 790 981 regesque
825 924 1010 976 tenent,
1050 916 1236 964 donare
1270 914 1454 964 licebit.
1706 932 1786 974 300

183 1015 352 1062 quone
386 1000 488 1062 poli
524 1007 680 1059 motu,
721 1013 822 1060 quo
857 996 980 1046 caeli
1017 995 1176 1045 sidere
1210 1011 1368 1053 uerso,

183 1079 500 1129 Thessalicae
535 1087 740 1137 tantum,
780 1078 955 1140 superi,
993 1075 1270 1138 permittitis
1307 1077 1461 1124 orae?

184 1170 270 1210 aut
303 1176 491 1210 merces
525 1159 676 1209 hodie
711 1160 952 1208 bellorum
988 1168 1073 1207 aut
1107 1175 1270 1221 poena
1305 1167 1515 1221 paratur.

188 1241 454 1290 Caesareas
489 1248 711 1303 spectate
746 1254 930 1300 cruces,
969 1248 1191 1302 spectate
1227 1248 1441 1297 catenas,

186 1328 237 1370 et
270 1328 420 1383 caput
452 1320 551 1369 hoc
584 1319 802 1383 positum
838 1318 1004 1368 rostris
1040 1321 1294 1381 effusaque
1329 1319 1565 1376 membra,
1707 1334 1785 1378 305

187 1404 578 1466 Saeptorumque
613 1403 750 1451 nefas
786 1409 836 1451 et
871 1400 1024 1449 clausi
1059 1401 1246 1462 proelia
1282 1400 1474 1463 Campi.

185 1498 303 1532 cum
338 1483 466 1532 duce
501 1483 703 1532 Sullano
738 1481 949 1545 gerimus
985 1481 1147 1530 ciuilia
1182 1482 1326 1530 bella.

186 1561 335 1612 uestri
369 1578 487 1611 cura
521 1572 724 1612 mouet:
772 1579 888 1610 nam
924 1578 1006 1611 me
1042 1578 1213 1611 secura
1247 1559 1470 1610 manebit

187 1660 292 1694 sors
326 1643 550 1708 quaesita
584 1660 734 1692 manu
753 1659 768 1703 3
815 1643 1088 1693 fodientem
1124 1642 1314 1692 uiscera
1351 1652 1519 1691 cernet

188 1741 268 1775 me
302 1741 416 1774 mea
451 1725 536 1789 qui
570 1726 794 1774 nondum
829 1724 964 1774 uicto
999 1725 1266 1787 respexerit
1301 1725 1457 1773 hoste.
1709 1742 1789 1784 310

188 1806 256 1864 di,
291 1821 502 1868 quorum
538 1821 678 1854 curas
713 1804 918 1854 abduxit
954 1805 1016 1853 ab
1052 1806 1251 1854 aethere
1286 1806 1432 1854 tellus

190 1889 548 1950 Romanusque
582 1888 735 1945 labor,
772 1886 938 1935 uincat
974 1887 1274 1949 quicumque
1309 1901 1514 1934 necesse

190 1983 292 2017 non
327 1975 467 2031 putat
501 1966 552 2015 in
587 1965 746 2016 uictos
783 1982 985 2015 saeuum
1022 1966 1324 2029 destringere
1359 1967 1552 2024 ferrum,

190 2046 375 2112 quique
410 2063 526 2096 suos
562 2046 712 2106 ciues,
749 2047 888 2109 quod
923 2047 1062 2110 signa
1096 2048 1305 2095 aduersa
1340 2048 1568 2105 tulerunt,

190 2143 293 2177 non
327 2127 485 2177 credit
518 2126 692 2177 fecisse
727 2128 881 2176 nefas.
954 2127 1222 2190 Pompeius
1258 2127 1309 2175 in
1345 2138 1451 2176 arto
1712 2143 1790 2187 315

190 2208 387 2272 agmina
419 2217 583 2257 uestra
615 2209 728 2257 loco
765 2208 919 2257 uetita
953 2208 1134 2257 uirtute
1172 2210 1360 2257 moueri

190 2305 304 2337 cum
339 2287 510 2347 tenuit,
549 2297 738 2351 quanto
775 2287 967 2337 satiauit
1005 2289 1242 2351 sanguine
1276 2290 1485 2337 ferrum!

192 2383 285 2417 uos
319 2376 483 2417 tamen
521 2369 618 2416 hoc
653 2385 755 2428 oro,
793 2369 1010 2427 iuuenes,
1051 2385 1114 2417 ne
1148 2371 1355 2417 caedere
1391 2368 1650 2432 quisquam

190 2447 346 2496 hostis
381 2456 516 2511 terga
549 2449 695 2510 uelit;
743 2448 879 2507 ciuis,
919 2448 1004 2510 qui
1040 2449 1228 2511 fugerit,
1267 2458 1388 2498 esto.

193 2527 282 2576 sed
316 2527 436 2575 dum
471 2529 570 2576 tela
605 2527 803 2586 micant,
841 2544 943 2577 non
979 2543 1070 2576 uos
1106 2527 1301 2591 pietatis
1339 2530 1502 2593 imago
1713 2547 1794 2590 320

192 2608 293 2656 ulla
325 2623 420 2655 nec
454 2609 662 2656 aduersa
696 2607 951 2670 conspecti
984 2609 1144 2657 fronte
1180 2618 1409 2671 parentes

194 2699 582 2739 commoneant:
630 2691 797 2738 uoltus
831 2689 998 2751 gladio
1034 2690 1226 2738 turbate
1263 2692 1522 2747 uerendOS,

195 2770 300 2821 siue
337 2770 446 2836 quis
481 2771 660 2820 infesto
697 2780 910 2833 cognata
943 2770 996 2819 in
1029 2782 1233 2834 pectora
1269 2768 1400 2820 ferro

194 2853 300 2914 ibit,
338 2870 424 2904 seu
460 2855 646 2902 nullum
683 2851 887 2902 uiolabit
922 2854 1122 2902 uolnere
1159 2853 1364 2917 pignus:
