1942 3100
654 119 768 162 ΜΒ.
806 118 896 160 vn
934 109 1234 173 747—804
1715 120 1781 172 27

179 253 381 309 pectore
415 242 468 293 in
501 243 599 294 hoc
633 252 775 307 pater
809 251 913 293 est:
961 258 1136 291 omnes
1170 241 1224 290 in
1262 243 1474 292 Caesare
1510 257 1695 290 manes.

178 325 312 374 haud
346 324 482 384 alios,
519 325 743 374 nondum
778 323 1006 388 Scythica
1039 331 1272 386 purgatus
1308 323 1361 370 in
1395 338 1492 380 ara,

180 403 516 454 Eumenidum
551 403 677 452 uidit
710 403 875 453 uoltus
911 404 1158 465 Pelopeus
1195 404 1396 452 Orestes
1412 419 1427 463 3

177 501 272 535 nec
306 484 462 548 magis
496 482 734 534 attonitos
768 483 920 532 animi
957 500 1153 534 sensere
1188 484 1442 541 tumultuS,

179 582 292 614 cum
327 567 523 628 fureret,
559 566 826 624 PentheuS‚
863 574 962 624 aut,
1000 581 1112 614 curn
1148 564 1370 622 desisset,
1408 566 1595 628 Agaue.
1701 572 1781 622 780

178 647 310 694 hunc
344 661 518 696 omnes
551 644 714 709 gladii,
750 661 878 707 quos
914 653 998 693 aut
1035 644 1284 693 Pharsalia
1317 643 1445 694 uidit

177 734 262 774 aut
294 724 440 774 ultrix
474 723 636 773 uisura
671 723 778 773 dies
813 723 1081 787 stringente
1118 734 1306 784 senam,

176 806 260 854 illa
293 814 442 855 nocte
476 813 707 869 premunt
721 822 738 866 3
782 804 915 854 hunc
950 804 1105 854 infera
1138 814 1359 854 monstra
1393 805 1654 868 flagellant.

176 894 226 936 et
259 894 500 950 quantum
536 901 730 949 poenae
765 885 947 936 misero
982 902 1124 934 mens
1159 885 1361 934 conscia
1396 886 1565 946 donat,

175 966 313 1029 quod
347 967 510 1030 Styga,
547 966 685 1029 quod
713 982 899 1025 maneS,
932 965 1223 1029 ingestaque
1251 969 1456 1015 Tartara
1487 965 1673 1015 somnis
1699 974 1775 1027 785

177 1045 418 1110 Pompeio
454 1046 655 1096 uiuente
689 1047 858 1096 uidet!

115 1173 215 1221 The
247 1178 367 1220 next
395 1173 491 1234 day
528 1172 714 1221 Caesar
736 1173 895 1234 gloats
927 1187 1040 1220 over
1068 1171 1146 1219 tlze
1172 1186 1297 1219 scene
1328 1171 1433 1219 and
1459 1171 1580 1220 with
1614 1172 1778 1219 useless

406 1254 758 1302 vt'ndzktiveness
791 1253 970 1315 refuses
1001 1258 1048 1300 to
1082 1253 1208 1300 burn
1243 1253 1320 1299 tlte
1352 1253 1487 1301 dead.

846 1365 1014 1403 tamen
1049 1352 1218 1403 omnia
1254 1370 1401 1416 passo

173 1443 438 1500 postquam
472 1437 602 1486 clara
636 1435 742 1485 dies
778 1434 1061 1484 Pharsalica
1096 1436 1282 1483 damna
1315 1435 1505 1495 retexit,

173 1519 309 1566 nulla
341 1516 439 1567 loci
470 1516 621 1567 facies
655 1526 858 1566 reuocat
892 1516 1121 1566 feralibus
1156 1515 1283 1565 aruis

173 1598 431 1648 haerentes
466 1599 650 1648 oculos.
722 1596 878 1647 cernit
913 1597 1148 1660 propulsa
1184 1612 1356 1645 cruore

173 1677 378 1728 flumina
410 1688 461 1729 et
496 1680 714 1728 excelsos
750 1677 959 1726 cumulis
995 1676 1258 1740 aequantia
1294 1679 1447 1727 colles
1698 1694 1778 1737 790

174 1776 395 1822 corpora,
432 1758 638 1810 sidentis
672 1758 723 1807 in
758 1760 926 1808 tabem
962 1767 1152 1822 spectat
1187 1775 1407 1820 aceruos,

175 1850 224 1889 et
261 1839 434 1904 Magni
466 1849 692 1889 numerat
727 1841 940 1903 populos
957 1859 970 1900 3
1018 1839 1273 1902 epulisque
1308 1851 1507 1903 paratur

173 1921 255 1971 ille
289 1922 443 1981 locus,
480 1922 646 1970 uoltus
682 1937 743 1969 ex
778 1936 879 1983 quo
915 1919 1164 1982 faciesque
1199 1920 1449 1969 iacentum

172 2012 421 2066 agnoscat.
491 2000 629 2051 iuuat
665 2001 946 2050 Emathiam
982 2017 1084 2050 non
1121 2017 1319 2050 cernere
1355 2011 1531 2051 terram

173 2092 223 2133 et
257 2084 461 2132 lustrare
496 2081 651 2132 oculis
687 2098 890 2145 campos
926 2083 1019 2131 sub
1054 2083 1196 2131 clade
1233 2084 1443 2132 latentes
1458 2100 1472 2144 3
1695 2100 1771 2143 795

171 2180 232 2214 ac
266 2181 330 2215 ne
363 2165 494 2214 laeta
526 2164 690 2212 furens
727 2165 966 2221 scelerum
1002 2164 1286 2226 spectacula
1320 2164 1508 2226 perdat,
1695 2181 1772 2223 797

172 2245 362 2295 inuidet
395 2243 509 2308 igne
542 2244 647 2309 rogi
682 2243 885 2303 miseris,
924 2245 1162 2306 caeloque
1198 2243 1399 2292 nocenti

171 2324 346 2388 ingerit
382 2325 678 2373 Emathiam.
749 2341 852 2374 non
886 2324 1024 2372 illum
1061 2326 1260 2372 Poenus
1295 2324 1524 2371 humator

171 2404 388 2456 consulis
423 2413 473 2454 et
508 2406 696 2468 Libyca
730 2421 997 2454 succensae
1032 2405 1265 2466 lampade
1301 2405 1520 2464 Cannae,
1694 2411 1775 2453 800

173 2472 479 2548 conpellunt,
516 2485 773 2533 hominum
810 2484 928 2533 ritus
965 2493 1019 2532 ut
1054 2494 1214 2533 seruet
1249 2483 1300 2532 in
1335 2485 1535 2546 hostes;

174 2567 262 2616 sed
297 2564 522 2615 meminit
556 2565 782 2614 nondum
819 2564 993 2614 satiata
1027 2564 1263 2614 caedibus
1299 2566 1370 2615 ira

173 2647 308 2696 ciues
342 2662 450 2696 esse
486 2661 616 2694 suos,
687 2644 901 2708 petimus
937 2662 1038 2695 non
1075 2645 1268 2710 singula
1298 2647 1446 2696 busta

174 2727 512 2789 discretosque
544 2741 689 2789 rogos
706 2744 720 2787 ς
766 2743 920 2775 unum
955 2727 1022 2776 da
1054 2727 1283 2791 gentibus
1320 2728 1515 2792 ignem3

319 2834 526 2876 fortunam
555 2847 806 2888 superosque
833 2847 929 2875 suos
956 2836 999 2876 in
1027 2836 1225 2890 sanguine
1253 2836 1395 2878 cernit.
1696 2837 1774 2891 796
