1942 3100
594 148 823 189 LVCANI
863 149 945 188 DE
984 148 1182 189 BELLO
1220 148 1410 189 CIVILI

237 277 286 318 et
320 285 658 332 quaecumque
691 272 835 333 fugax
871 269 1106 318 Sertorius
1141 269 1316 332 inpulit
1350 285 1496 329 arma,

236 351 454 411 Vespere
490 359 683 411 pacato,
719 366 842 411 pura
876 347 1169 398 uenerabilis
1204 365 1362 410 aeque

237 445 383 491 quarn
421 446 588 477 currus
624 438 831 477 ornante
866 439 995 491 toga,
1034 429 1302 490 plaudente
1337 438 1525 488 senatu,

237 507 362 556 sedit
397 509 559 556 adhuc
597 511 854 556 Romanus
890 525 1072 570 eques:
1119 524 1205 556 seu
1241 510 1339 556 fine
1374 509 1623 557 bonorum

238 587 382 635 anxia
415 589 632 636 uenturis
669 589 733 636 ad
768 597 991 650 tempora
1025 589 1153 636 laeta
1186 586 1376 649 refugit,

238 667 340 715 siue
375 683 462 729 per
494 670 727 730 ambages
764 668 929 715 solitas
966 666 1207 716 contraria
1243 667 1361 715 uisis

238 747 501 795 uaticinata
536 748 674 809 quies
710 747 874 810 magni
909 747 1018 796 tulit
1053 748 1219 795 omina
1254 748 1495 810 planctus,

240 842 325 873 seu
361 827 513 875 uetito
549 827 728 889 patrias
763 829 888 875 ultra
922 826 1012 875 tibi
1047 843 1244 876 cernere
1281 827 1423 875 sedes

180 964 181 967 Ἰ
240 906 309 954 sic
346 910 560 955 Romam
598 910 812 956 Fortuna
848 906 996 955 dedit.
1069 924 1131 956 ne
1166 906 1375 969 rumpite
1411 922 1627 964 somnos,

241 997 510 1036 castrorum
547 987 718 1050 uigiles
736 1008 750 1050 3
795 989 953 1036 nullas
988 990 1106 1036 tuba
1142 990 1367 1036 uerberet
1401 1003 1556 1035 aures.

241 1068 450 1116 crastina
484 1068 588 1117 dira
622 1068 759 1131 quies
796 1078 844 1117 et
879 1069 1090 1131 imagine
1126 1078 1314 1115 maesta
1348 1067 1523 1115 diurna

241 1148 460 1211 undique
496 1150 713 1197 funestas
749 1149 878 1197 acies
913 1151 1049 1207 feret,
1085 1148 1302 1210 undique
1338 1149 1552 1196 bellum:

241 1231 374 1278 unde
410 1247 549 1292 pares
586 1246 786 1278 somnos
821 1229 1017 1292 populis
1053 1238 1349 1291 noctemque
1385 1229 1620 1277 beatam?

243 1326 272 1357 o
309 1310 434 1369 felix,
473 1310 513 1358 si
548 1319 597 1359 te
632 1313 712 1359 uel
749 1310 819 1358 sic
853 1320 937 1358 tua
975 1313 1138 1358 Roma
1171 1308 1373 1358 uideret.

243 1391 512 1439 donassent
548 1391 736 1439 utinam
773 1391 933 1454 superi
968 1390 1252 1453 patriaeque
1287 1388 1476 1451 tibique

248 1488 415 1530 unum,
456 1474 654 1534 Magne,
690 1471 840 1531 diem,
878 1487 978 1532 quo
1012 1471 1098 1518 fati
1133 1479 1293 1519 certus
1328 1480 1535 1531 uterque

244 1562 513 1602 extremum
551 1552 674 1600 tanti
708 1554 915 1600 fructum
951 1549 1182 1613 raperetis
1217 1550 1410 1598 amoris.

244 1644 295 1682 tu
330 1634 465 1680 uelut
499 1631 720 1681 Ausonia
753 1631 894 1680 uadis
928 1631 1187 1680 moriturus
1221 1630 1272 1678 in
1308 1631 1457 1680 urbe:

244 1714 339 1772 illa,
375 1712 466 1760 rati
501 1729 696 1775 semper
729 1712 793 1761 de
827 1721 876 1760 te
913 1712 1006 1760 sibi
1041 1711 1238 1760 conscia
1273 1711 1391 1772 uoti,

246 1794 342 1841 hoc
378 1794 535 1841 scelus
570 1793 701 1840 haud
737 1809 973 1854 umquam
1008 1791 1118 1840 fatis
1152 1792 1352 1840 haerere
1386 1791 1590 1854 putauit,

246 1873 314 1921 sic
350 1889 401 1921 se
437 1872 604 1921 dilecti
639 1873 880 1920 tumulum
916 1887 1115 1934 quoque
1150 1873 1356 1934 perdere
1393 1871 1576 1935 Magni.

248 1963 294 2002 te
330 1953 482 2001 mixto
517 1954 681 2001 flesset
717 1954 852 2000 luctu
888 1951 1177 2013 iuuenisque
1213 1968 1461 2014 senexque

246 2033 558 2095 iniussusque
593 2049 742 2094 puer3
789 2034 1048 2080 lacerasset
1084 2033 1217 2081 crine
1252 2034 1414 2080 soluto

247 2123 450 2175 pectora
485 2113 766 2170 femineum,
805 2128 896 2159 ceu
934 2112 1067 2159 Bruti
1102 2113 1286 2169 funere,
1323 2112 1508 2174 uolgus.

249 2209 383 2241 nunc
418 2206 630 2256 quoque,
669 2194 767 2240 tela
800 2193 913 2240 licet
949 2200 1162 2254 paueant
1196 2191 1395 2239 uictoris
1430 2191 1602 2254 iniqui,

250 2273 442 2322 nuntiet
478 2273 582 2335 ipse
617 2272 732 2321 licet
768 2274 950 2322 Caesar
983 2281 1068 2320 tua
1101 2273 1284 2330 funera,
1319 2272 1508 2320 flebunt
1525 2289 1540 2331 3

251 2354 339 2401 sed
374 2354 493 2401 dum
529 2361 636 2400 tura
670 2354 843 2411 ferunt,
880 2353 999 2400 dum
1036 2353 1201 2400 laurea
1236 2361 1362 2400 serta
1395 2352 1626 2400 Tonanti.

252 2451 282 2482 o
318 2433 492 2491 miseri,
532 2449 740 2494 quorum
776 2433 985 2495 gemitus
1021 2433 1166 2480 edere
1201 2433 1436 2492 dolorem,

253 2513 337 2574 qui
371 2522 419 2561 te
454 2529 555 2561 non
590 2514 739 2575 pleno
773 2512 950 2574 pariter
983 2513 1213 2574 planxere
1249 2511 1451 2559 theatro.

207 2659 258 2706 T
250 2659 308 2704 lle
337 2659 618 2719 Pompeiam
651 2658 856 2705 demand
884 2659 1035 2718 battle.

320 2757 519 2805 Vicerat
554 2767 681 2828 astra
715 2758 869 2816 iubar,
906 2774 1018 2805 cum
1055 2757 1207 2805 mixto
1243 2772 1488 2804 murmure
1523 2757 1666 2804 turba

257 2845 520 2884 castrorum
559 2836 753 2885 fremuit
787 2836 996 2897 fatisque
1032 2835 1334 2883 trahentibus
1369 2836 1539 2882 orbern

1779 605 1832 635 20

1780 1004 1832 1047 25

1783 1408 1836 1449 30

1785 1807 1837 1851 35

1785 2210 1840 2250 40

1116 2659 1274 2705 Cicero
1308 2658 1350 2703 is
1382 2657 1509 2704 their
1538 2656 1820 2718 spokesman.

1785 2772 1837 2815 45
