1942 3100
636 96 752 140 Lm.
790 95 880 138 vn
920 85 1165 153 569—62
1173 97 1218 152 5.
1698 98 1728 138 2
1742 101 1760 138 1

611 257 709 305 77ae
740 255 881 304 death
914 255 976 318 os
995 255 1259 304 Domitius.

229 364 333 414 Hic
367 363 555 428 patriae
588 363 715 428 perit
751 380 901 413 omne
936 365 1118 414 decus:
1165 363 1294 413 iacet
1328 379 1504 427 aggere
1537 379 1719 427 magno

159 443 421 509 patricium
456 444 645 509 campis
680 461 784 495 non
818 444 972 494 mixta
1005 446 1153 508 plebe
1189 446 1413 494 cadauer.

160 543 293 577 mors
329 536 493 577 tamen
533 526 740 577 eminuit
776 526 1020 575 clarorum
1056 527 1107 574 in
1144 535 1303 590 strage
1338 525 1555 575 uirorum

158 606 396 671 pugnacis
432 606 655 669 Domiti;
702 623 852 670 quem
887 607 1055 655 clades
1092 608 1192 656 fata
1226 623 1315 670 per
1350 606 1512 656 omnis
1682 614 1764 656 600

158 688 409 738 ducebant
423 705 438 749 3
484 704 731 751 nusquam
771 687 946 751 Magni
982 690 1201 736 Fortuna
1236 686 1341 737 sine
1375 686 1462 737 illo

157 768 434 818 succubuit.
504 768 667 818 uictus
703 767 885 818 totiens
920 785 950 817 a
986 770 1199 819 Caesare
1235 771 1373 817 salua

156 847 384 900 libertate
418 849 578 914 perit:
625 858 733 900 tum
768 851 904 899 mille
939 849 991 898 in
1027 851 1231 899 uolnera
1266 851 1424 899 laetus

156 929 336 980 labitur
370 947 430 980 ac
463 929 613 980 uenia
645 932 830 995 gaudet
864 931 1080 980 caruisse
1116 933 1348 981 secunda.

154 1009 347 1060 uiderat
380 1011 430 1061 in
467 1029 634 1063 crasso
667 1022 948 1063 uersantem
986 1012 1226 1076 sanguine
1261 1014 1484 1063 membra
1682 1022 1761 1073 605

156 1093 354 1154 Caesar,
392 1102 442 1143 et
476 1092 775 1157 increpitans
813 1099 825 1122 ‘
843 1097 954 1143 Iam
991 1094 1167 1158 Magni
1202 1095 1387 1145 deseris
1423 1111 1574 1155 arma,

154 1189 411 1224 successor
446 1175 639 1225 Domiti
655 1193 670 1237 3
717 1176 823 1226 sine
858 1185 907 1225 te
942 1174 1039 1224 iam
1075 1177 1207 1225 bella
1240 1180 1505 1240 geruntur.’

153 1254 339 1306 dixerat
356 1272 373 1317 3
419 1265 496 1306 ast
530 1255 600 1306 illi
635 1257 829 1307 suffecit
862 1268 1065 1321 pectora
1098 1258 1301 1321 pulsans

152 1335 349 1400 spiritus
385 1335 437 1386 in
472 1354 653 1388 uocem
689 1337 1049 1402 morientiaque
1085 1355 1171 1388 ora
1204 1339 1418 1390 resoluit.

151 1419 303 1468 ‘Non
337 1427 388 1468 te
421 1420 614 1469 funesta
649 1421 891 1469 scelerum
927 1420 1156 1469 mercede
1191 1419 1419 1483 potitum,
1676 1431 1758 1472 610

149 1499 240 1549 sed
274 1499 482 1550 dubium
515 1499 618 1561 fati,
657 1502 855 1562 Caesar,
892 1517 1174 1565 generoque
1210 1501 1454 1553 minorem

147 1578 410 1644 aspicienS‚
448 1582 640 1646 Stygias
677 1584 867 1646 Magno
902 1583 1030 1632 duce
1065 1582 1190 1632 liber
1223 1583 1287 1632 ad
1322 1585 1520 1634 umbras

149 1669 200 1710 et
234 1677 434 1711 securus
469 1678 561 1724 eo;
609 1671 659 1713 te
695 1680 846 1714 saeuo
883 1666 1046 1713 Marte
1082 1665 1355 1724 subactum,

150 1744 495 1807 Pompeioque
529 1761 702 1808 graues
737 1761 925 1808 poenas
960 1743 1206 1807 nobisque
1241 1745 1486 1807 daturum,

147 1838 263 1872 cum
297 1823 494 1886 morior,
532 1841 729 1889 sperare
764 1825 911 1875 licet.'
980 1842 1083 1877 non
1118 1828 1259 1889 plura
1292 1828 1513 1877 locutum
1673 1838 1751 1890 615

147 1902 251 1955 uita
285 1905 422 1970 fugit,
458 1906 743 1972 densaeque
779 1909 952 1957 oculos
987 1924 1197 1958 mersere
1234 1911 1482 1959 tenebrae.

649 2047 700 2095 A
735 2062 858 2095 scene
890 2047 952 2110 of
972 2062 1187 2109 carnage.

214 2155 514 2220 Inpendisse
548 2160 705 2222 pudet
739 2159 964 2209 lacrimas
999 2160 1051 2209 in
1086 2161 1256 2212 funere
1290 2164 1463 2212 mundi

143 2238 385 2289 mortibus
418 2239 702 2301 innumeris,
740 2258 800 2290 ac
836 2242 1027 2305 singula
1061 2243 1162 2291 fata
1197 2254 1488 2306 sequentem

144 2334 391 2382 quaerere,
432 2321 676 2370 letiferum
713 2338 801 2384 per
836 2323 976 2372 cuius
1012 2323 1201 2373 uiscera
1235 2326 1414 2374 uolnus

142 2399 342 2462 exierit3
388 2402 499 2464 quis
534 2403 644 2450 fusa
678 2403 785 2451 solo
822 2403 994 2451 uitalia
1028 2405 1214 2465 calcet3
1668 2417 1750 2461 620

143 2495 227 2530 ore
262 2481 373 2544 quis
410 2483 623 2532 aduerso
659 2482 930 2533 demissum
967 2486 1189 2535 saucibus
1224 2503 1396 2537 ensem

126 2561 383 2624 “expulerit
418 2561 633 2612 moriens
669 2563 865 2625 anima3
914 2565 1023 2628 quis
1060 2577 1253 2617 corruat
1287 2567 1403 2628 ictu,

141 2640 251 2705 quis
286 2642 474 2692 steterit
509 2644 629 2692 dum
666 2646 889 2693 membra
923 2648 1108 2696 cadunt
1123 2664 1139 2708 ς
1186 2649 1270 2712 qui
1306 2659 1508 2713 pectore
1544 2654 1642 2702 tela

140 2722 488 2783 transmittant,
526 2726 608 2773 uel
644 2740 769 2786 quos
805 2726 994 2789 campis
1030 2729 1232 2779 affixerit
1267 2730 1436 2781 hasta:

140 2801 251 2864 quis
286 2819 432 2852 cruor
467 2819 496 2853 e
531 2803 696 2853 scissis
731 2805 1002 2869 perruperit
1037 2824 1151 2858 aera
1185 2810 1325 2860 uenis
1663 2822 1743 2875 625
