1942 3100
663 119 777 162 LIB.
815 119 903 160 vn
950 110 1116 175 16—7
1122 122 1169 176 7.

159 237 299 303 signa
332 238 458 302 petit
491 253 701 301 pugnae.
775 237 940 288 miseri
974 256 1088 302 pars
1123 239 1339 289 maxima
1372 241 1505 305 uolgi

157 335 262 369 non
296 327 457 368 totum
491 318 655 367 uisura
690 319 841 378 diem,
878 320 1090 368 tentoria
1124 319 1310 368 circum

158 399 264 463 ipsa
300 399 440 448 ducis
476 399 708 462 queritur,
744 416 1027 463 magnoque
1061 416 1272 450 accensa
1306 403 1515 451 tumultu

157 479 330 530 mortis
363 478 557 529 uicinae
592 480 902 543 properantis
938 482 1174 530 admouet
1210 483 1366 530 horas.

158 560 265 609 dira
299 559 432 609 subit
464 559 623 609 rabies
640 578 655 621 3
701 577 790 608 sua
825 561 1033 624 quisque
1068 578 1127 610 ac
1162 564 1362 625 publica
1396 563 1494 611 fata

158 640 482 706 praecipitare
517 640 682 704 cupit:
731 641 891 704 segnis
926 641 1236 704 pauidusque
1270 651 1475 691 uocatur

159 739 221 772 ac
254 721 461 771 nimium
495 721 689 784 patiens
725 721 881 771 soceri
919 722 1202 785 Pompeius,
1241 731 1290 771 et
1324 722 1456 772 orbis

158 803 420 867 indulgens
454 818 622 864 regno,
660 802 745 864 qui
781 811 855 851 tot
890 802 1034 850 simul
1070 803 1290 865 undique
1325 813 1497 866 gentes

157 882 273 932 iuris
306 883 488 932 habere
523 881 599 931 sui
631 885 781 932 uellet
815 899 1091 946 pacemque
1127 883 1333 932 timeret.

159 981 254 1014 nec
285 980 390 1014 non
423 973 475 1014 et
507 980 646 1028 reges
682 963 952 1027 populique
989 973 1257 1026 queruntur
1292 963 1387 1013 Eoi

158 1045 291 1094 bella
323 1044 448 1093 trahi
481 1043 734 1108 patriaque
769 1045 943 1107 procul
978 1045 1150 1092 tellure
1185 1043 1353 1093 teneri.

159 1125 257 1175 hoc
292 1126 468 1189 placet,
505 1142 536 1175 o
572 1125 751 1188 superi,
789 1141 902 1173 cum
939 1125 1082 1174 uobis
1119 1133 1309 1174 uertere
1344 1134 1523 1175 cuncta

162 1207 488 1269 propositum,
524 1205 703 1255 nostris
739 1205 982 1254 erroribus
1018 1206 1201 1255 addere
1236 1205 1435 1254 crimen.

162 1286 389 1335 cladibus
422 1285 647 1335 irruimus
683 1286 1002 1348 nocituraque
1036 1286 1286 1349 poscimus
1322 1302 1485 1336 arma:

159 1366 212 1416 in
249 1364 564 1428 Pompeianis
600 1375 774 1414 uotum
809 1375 882 1415 est
919 1365 1169 1414 Pharsalia
1203 1365 1386 1414 castris.

160 1455 450 1496 cunctorum
484 1462 636 1496 uoces
670 1446 890 1495 Romani
925 1446 1164 1495 maximus
1199 1456 1372 1495 auctor
1447 1438 1458 1517 l,
1517 1444 1591 1491 Ξ

160 1528 352 1578 Tullius
386 1527 583 1590 eloquii,
619 1528 758 1577 cuius
794 1529 887 1576 sub
922 1526 1024 1576 iure
1060 1535 1272 1590 togaque

162 1608 393 1672 pacificas
428 1625 603 1658 saeuus
638 1608 836 1657 tremuit
873 1608 1087 1658 Catilina
1122 1608 1317 1666 securis,

161 1689 373 1753 pertulit,
410 1691 560 1738 iratus
593 1689 748 1749 bellis,
787 1705 900 1737 cum
936 1698 1092 1738 rostra
1125 1690 1386 1751 forumque

161 1779 355 1833 optaret
388 1786 562 1833 passus
594 1778 697 1818 tam
732 1771 880 1832 longa
915 1769 1107 1818 silentia
1142 1768 1293 1818 miles.

163 1849 356 1900 addidit
389 1850 637 1900 inualidae
671 1852 818 1898 robur
851 1849 1083 1899 facundia
1118 1866 1308 1898 causae.

643 1987 741 2035 lee
772 1987 926 2048 speech
960 1987 1021 2048 of
1050 1988 1218 2035 Cicero.

232 2089 379 2136 ‘Hoc
411 2103 501 2150 pro
537 2095 611 2136 tot
644 2085 829 2135 meritis
865 2087 1024 2135 solum
1060 2095 1125 2146 te,
1163 2089 1362 2150 Magne,
1399 2094 1624 2150 precatur

161 2165 233 2216 uti
267 2182 321 2216 se
355 2169 573 2216 Fortuna
605 2165 728 2214 uelis
745 2182 760 2225 3
805 2181 1132 2228 proceresque
1168 2175 1363 2214 tuorum

161 2255 428 2297 castrorum
463 2262 700 2310 regesque
736 2245 807 2294 tui
841 2262 956 2294 cum
992 2246 1212 2309 supplice
1249 2247 1437 2295 mundo

163 2326 322 2376 adfusi
355 2327 490 2376 uinci
524 2343 746 2376 socerum
783 2326 969 2388 patiare
1004 2342 1246 2389 rogamus,

161 2405 365 2454 humani
397 2407 589 2469 generis
622 2415 724 2454 tam
758 2407 910 2468 longo
944 2416 1168 2468 tempore
1203 2408 1388 2455 bellum

164 2486 346 2535 Caesar
379 2487 506 2535 erit?
572 2485 747 2535 merito
783 2484 1076 2548 Pompeium
1112 2485 1308 2535 uincere
1340 2488 1489 2553 igme,

1623 2554 1627 2578 ι
1658 2532 1664 2571 ὲ

1706 500 1758 543 50

1707 902 1754 946 55

1705 1295 1758 1334 60

1706 2262 1759 2304 70

163 2565 392 2628 gentibus
427 2565 684 2628 indignum
721 2574 795 2615 est
818 2575 1253 2632 affitranscurrente
1289 2566 1517 2616 subactis.
1559 2590 1561 2592 ·
1708 2573 1712 2582 ’“

164 2661 264 2708 quo
299 2645 389 2694 tibi
423 2647 584 2695 feruor
617 2647 719 2695 abit
753 2655 838 2694 aut
874 2662 972 2709 quo
1009 2646 1191 2696 fiducia
1225 2647 1348 2695 fati?

164 2726 230 2773 de
264 2726 466 2788 superis,
503 2725 705 2788 ingrate,
743 2726 888 2774 times
924 2742 1223 2789 causamque
1257 2736 1456 2775 senatus

163 2806 362 2854 credere
395 2805 472 2854 dis
506 2806 739 2855 dubitas?
782 2806 919 2869 ipsae
953 2818 1038 2855 tua
1073 2808 1212 2869 signa
1244 2809 1481 2856 reuellent

1497 2923 1619 2953 1——2

1706 2664 1756 2707 75
