1942 3100
171 128 207 178 >8

593 138 822 179 LVCANI
861 139 943 180 DE
983 139 1178 180 BELLO
1217 139 1405 180 CIVILI

244 262 440 310 aethera
476 278 561 310 seu
597 270 756 311 totum
791 262 1005 311 discordi
1039 263 1274 312 obsistere
1310 265 1448 314 caelo

242 340 585 403 perspexitque
620 342 776 403 polos,
815 357 901 390 seu
936 358 1122 390 numen
1157 342 1208 389 in
1243 345 1439 392 aethere
1473 352 1713 393 maestum

243 420 356 467 solis
392 419 442 466 in
478 421 686 468 obscuro
722 436 939 482 pugnam
976 422 1162 483 pallore
1197 422 1400 470 notauit.
1747 440 1827 470 200

244 498 531 547 dissimilem
567 509 698 548 certe
732 501 920 549 cunctis
956 518 1081 563 quos
1119 503 1330 564 explicat
1365 502 1463 564 egit

241 579 580 627 Thessalicum
618 581 806 628 Natura
841 581 987 629 diem.
1059 580 1099 629 si
1134 590 1310 629 cuncta
1345 582 1503 644 perito

244 675 422 721 augure
457 674 596 707 mens
632 659 890 708 hominum
926 659 1050 708 caeli
1084 676 1218 709 noua
1252 659 1388 723 signa
1423 668 1654 721 notasset,

243 737 450 800 spectari
485 746 591 787 toto
627 739 786 801 potuit
821 739 1069 788 Pharsalia
1104 738 1317 788 mundo.>

243 835 272 866 o
309 834 527 867 summos
562 819 833 878 hominum,
866 836 1076 881 quorum
1114 821 1332 868 Fortuna
1362 835 1449 881 per
1481 820 1650 869 orbem
1752 836 1827 879 205

244 897 380 960 signa
416 897 566 957 dedit,
605 914 813 960 quorum
849 899 958 948 fatis
994 900 1183 948 caelum
1219 915 1368 948 omne
1406 899 1614 948 uacauit.

243 979 365 1026 haec
401 987 449 1026 et
484 979 617 1041 apud
653 995 781 1028 seras
815 989 984 1042 gentes
1019 980 1330 1042 populosque
1363 988 1617 1041 nepotum,

244 1058 348 1107 siue
384 1074 471 1107 sua
506 1068 694 1108 tantum
730 1060 930 1109 uenient
965 1060 1016 1108 in
1050 1061 1248 1122 saecula
1281 1060 1426 1116 fama,

244 1139 346 1188 siue
382 1139 566 1202 aliquid
603 1140 792 1202 magnis
827 1139 980 1189 nostri
1015 1157 1212 1202 quoque
1247 1157 1362 1188 cura
1396 1139 1573 1189 laboris

223 1219 527 1268 anominibus
564 1222 797 1282 prodesse
832 1229 1008 1282 potest,
1045 1237 1158 1269 cum
1193 1222 1323 1270 bella
1357 1222 1591 1283 legentur,
1749 1238 1830 1268 210

245 1316 458 1362 spesque
493 1311 751 1363 metusque
786 1301 930 1349 simul
965 1301 1274 1364 perituraque
1308 1311 1426 1350 uota
1461 1301 1747 1359 monebunt,

244 1381 535 1443 attonitique
572 1397 744 1430 omnes
780 1380 931 1429 ueluti
967 1381 1217 1429 uenientia
1250 1382 1363 1437 fata,

246 1476 345 1508 non
382 1461 676 1518 transmissa,
714 1462 876 1522 legent
912 1468 961 1507 et
995 1460 1160 1507 adhuc
1197 1459 1298 1519 tibi,
1340 1461 1537 1522 Magne,
1577 1458 1826 1508 fauebunt.

665 1611 904 1672 Pompey's
936 1611 1078 1658 order
1108 1610 1168 1671 os
1190 1609 1341 1657 battle.

314 1710 473 1769 Miles,
512 1720 566 1759 ut
600 1712 809 1759 aduerso
846 1709 1034 1759 Phoebi
1068 1709 1284 1758 radiatus
1321 1711 1382 1758 ab
1417 1709 1517 1758 ictu

246 1791 553 1839 descendens
588 1799 720 1839 totos
754 1790 968 1852 perfudit
1003 1788 1187 1837 lumine
1222 1790 1388 1847 colles,
1753 1805 1830 1857 215

248 1884 349 1916 non
385 1878 566 1917 temere
602 1868 849 1917 immissus
886 1869 1075 1928 campis
1111 1868 1244 1916 stetit
1279 1868 1451 1916 ordine
1485 1877 1631 1926 certO,

247 1947 413 1995 infelix
448 1949 592 1997 acies.
663 1965 840 1997 cornus
876 1948 965 1996 tibi
1001 1964 1117 1995 cura
1152 1948 1344 2006 sinistri,

249 2028 469 2086 Lentule,
508 2045 620 2076 cum
656 2027 825 2089 prima,
865 2042 990 2088 quae
1026 2035 1131 2073 tum
1166 2025 1255 2073 fuit
1292 2024 1478 2087 optima
1512 2025 1658 2083 bello,

252 2117 300 2155 et
335 2119 506 2169 quarta
540 2107 731 2168 legione
767 2108 923 2155 datur.
995 2105 1099 2163 tibi,
1136 2105 1340 2154 numine
1373 2122 1569 2168 pugnax

248 2188 453 2235 aduerso
492 2187 695 2246 Domiti,
733 2185 889 2234 dextri
924 2187 1055 2234 frons
1093 2185 1270 2233 tradita
1307 2185 1494 2233 Martis.
1754 2202 1833 2231 220

249 2276 298 2314 at
334 2265 484 2314 medii
519 2266 666 2313 robur
700 2264 815 2313 belli
849 2264 1110 2313 fortissima
1144 2264 1353 2312 densant

250 2345 458 2407 agmina,
497 2360 623 2405 quae
659 2344 869 2394 Cilicum
905 2343 1041 2392 terris
1077 2344 1291 2391 deducta
1324 2342 1526 2391 tenebat

253 2423 431 2485 Scipio,
469 2423 610 2471 miles
645 2421 696 2471 in
732 2424 840 2483 hoe,
881 2423 1067 2484 Libyco
1103 2423 1204 2470 dux
1238 2421 1424 2483 primus
1458 2420 1509 2469 in
1543 2422 1675 2471 orbe.

251 2513 299 2550 at
335 2502 466 2550 iuxta
501 2502 676 2551 fluuios
713 2511 761 2551 et
796 2512 967 2564 stagna
1001 2502 1233 2550 undantis
1271 2499 1446 2563 Enipei

252 2583 608 2644 Cappadocum
643 2591 879 2630 montana
913 2582 1089 2630 cohors
1125 2591 1173 2630 et
1207 2583 1365 2643 largus
1400 2582 1621 2630 habenae
1725 2598 1830 2640 ‘²25

254 2661 484 2709 Ponticus
521 2661 622 2709 ibat
657 2677 821 2723 eques.
893 2661 1010 2709 sicci
1045 2663 1133 2709 sed
1168 2660 1374 2722 plurima
1406 2659 1569 2721 campi

254 2741 520 2788 tetrarchae
556 2755 789 2801 regesque
823 2749 992 2789 tenent
1027 2739 1289 2802 magnique
1326 2738 1530 2800 tyranni,

255 2829 399 2881 atque
435 2819 593 2867 omnis
630 2819 771 2868 Latio
807 2835 932 2880 quae
967 2819 1113 2867 seruit
1147 2834 1359 2880 purpura
1393 2819 1530 2866 ferro.
