1942 3100
666 129 781 172 LIB.
817 127 907 170 vn
946 114 1246 182 805—865.

191 269 340 304 omne
374 268 551 303 nemus
584 250 717 300 misit
750 252 976 301 uolucres
1012 247 1272 311 omnisque
1306 253 1512 295 cruenta

189 334 304 384 alite
340 331 621 397 sanguineis
657 331 858 381 stillauit
892 331 1083 381 roribus
1119 329 1276 378 arbor.

190 430 341 478 saepe
377 429 524 476 super
556 414 721 462 uoltus
755 409 956 461 uictoris
991 419 1040 460 et
1074 408 1212 471 inpia
1246 407 1385 471 signa

189 505 276 546 aut
309 510 452 544 cruor
484 502 571 543 aut
604 495 706 543 alto
741 492 944 542 defluxit
978 492 1043 540 ab
1077 491 1273 540 aethere
1308 490 1465 548 tabeS,

189 576 510 638 membraque
544 573 724 624 deiecit
758 572 856 622 iam
890 572 1030 622 lassis
1065 571 1310 636 unguibus
1345 572 1460 619 ales.

189 655 260 706 sic
294 673 496 720 quoque
530 671 632 706 non
668 653 831 704 omnis
866 654 1084 717 populus
1119 651 1346 716 peruenit
1380 652 1447 700 ad
1481 666 1594 700 ossa

188 733 341 798 inque
374 736 500 784 feras
536 733 810 796 discerptus
845 732 977 782 abit:
1024 748 1126 781 non
1163 730 1339 780 intima
1374 738 1545 780 curant

187 814 376 866 uiscera
408 831 503 864 nec
540 823 667 864 totas
702 813 848 863 auide
886 814 1083 862 sorbere
1118 813 1360 861 medullas
1378 830 1394 873 3

189 898 453 960 degustant
487 905 633 946 artus.
707 894 879 944 Latiae
914 910 1025 958 pars
1061 892 1275 942 maxima
1309 894 1483 941 turbae

187 978 402 1028 fastidita
435 977 592 1028 iacet:
640 993 790 1041 quarn
826 977 900 1025 sol
935 973 1192 1037 nimbique
1228 973 1434 1037 diesque

188 1059 380 1124 longior
414 1058 658 1109 Emathiis
692 1058 957 1108 resolutam
992 1055 1190 1105 miscuit
1224 1054 1366 1105 aruis.

527 1243 826 1308 Apostrophe
858 1248 904 1291 to
928 1242 1087 1305 guilty
1127 1240 1365 1302 Thessaly.

251 1379 509 1430 Thessalia
541 1378 721 1438 infelix,
759 1395 859 1442 quo
895 1386 1035 1427 tanto
1070 1374 1274 1425 crimine
1310 1375 1454 1424 tellus

183 1461 366 1512 laesisti
401 1476 618 1524 superos
655 1469 710 1509 ut
744 1468 794 1510 te
829 1468 903 1509 tot
938 1458 1177 1508 mortibus
1213 1473 1380 1516 unam,

185 1555 259 1595 tot
293 1545 534 1594 scel'erum
567 1541 679 1592 fatis
714 1543 1030 1606 premerent?
1098 1539 1235 1602 quod
1271 1537 1449 1587 sufficit
1483 1553 1662 1587 aeuum

184 1625 429 1675 inmemor
461 1633 516 1673 ut
551 1625 704 1673 donet
738 1622 855 1672 belli
890 1621 979 1671 tibi
1014 1622 1198 1671 damna
1231 1621 1490 1669 uetustas?

183 1722 311 1770 quae
346 1721 484 1769 seges
517 1704 700 1754 infecta
735 1713 898 1768 surget
934 1718 1036 1752 non
1071 1702 1274 1750 decolor
1307 1701 1497 1750 herba?

184 1800 284 1848 quo
318 1800 423 1834 non
458 1786 716 1833 Romanos
752 1782 962 1832 uiolabis
998 1797 1202 1831 uomere
1236 1782 1447 1830 manes?

183 1876 299 1917 ante
333 1882 494 1916 nouae
529 1865 732 1915 uenient
767 1865 910 1924 acies,
950 1863 1220 1926 scelerique
1255 1862 1479 1911 secundo

183 1947 449 2013 praestabis
485 1947 710 1996 nondum
747 1946 905 1995 siccos
940 1947 1038 1995 hoc
1074 1945 1310 2007 sanguine
1345 1959 1564 2006 campos.

182 2028 351 2079 omnia
384 2026 623 2077 maiorum
662 2036 913 2076 uertamus
948 2027 1094 2076 busta
1127 2024 1310 2084 licebit,

181 2118 230 2160 et
265 2109 436 2159 stantis
471 2110 702 2170 tumuIOS,
742 2117 791 2158 et
826 2108 910 2171 qui
945 2107 1112 2157 radice
1146 2115 1343 2156 uetusta

180 2192 398 2241 effudere
432 2207 544 2239 suas
579 2189 721 2239 uictis
756 2189 1060 2253 conpagibus
1094 2204 1254 2247 urnas,

180 2272 291 2335 plus
324 2270 547 2320 cinerum
584 2269 901 2320 Haemoniae
936 2268 1083 2319 sulcis
1118 2266 1304 2318 telluris
1339 2275 1512 2325 aratur,

180 2352 421 2414 pluraque
455 2348 674 2398 ruricolis
710 2349 950 2398 feriuntur
984 2349 1217 2399 dentibus
1252 2363 1377 2397 ossa.

180 2432 343 2480 nullus
377 2432 443 2480 ab
479 2430 712 2479 Emathio
746 2430 997 2493 religasset
1032 2430 1174 2479 litore
1209 2430 1376 2477 funem

179 2511 364 2571 nauita,
401 2527 494 2560 nec
528 2519 707 2560 terram
742 2510 1003 2573 quisquam
1039 2508 1275 2558 mouisset
1308 2518 1469 2558 arator

180 2590 400 2642 Romani
434 2593 636 2641 bustum
671 2591 858 2655 populi,
896 2592 1217 2654 fugerentque
1251 2591 1415 2639 coloni

178 2673 459 2721 umbrarum
494 2687 712 2735 campos,
749 2671 978 2735 gregibus
1014 2671 1218 2720 dumeta
1251 2678 1472 2720 carerent
1494 2719 1513 2739 0

178 2754 441 2816 nullusque
476 2753 678 2802 auderet
714 2751 883 2815 pecori
919 2750 1205 2814 permittere
1240 2760 1407 2815 pastor

177 2834 361 2884 uellere
395 2841 677 2896 surgentem
712 2833 778 2883 de
812 2831 995 2882 nostris
1030 2831 1223 2883 ossibus
1257 2832 1477 2891 herbam,

1725 124 1794 177 29

1708 1626 1790 1679 850

1704 2435 1785 2478 860

1700 2837 1781 2892 865
