1942 3100
202 150 264 201 18
610 160 846 218 ,LVCANI
886 161 969 201 DE
1007 161 1204 202 BELLo
1242 161 1432 215 CIVILI

262 296 362 328 una
395 279 526 330 acies
560 281 755 344 patitur,
795 281 917 343 gerit
951 282 1131 330 altera:
1178 281 1379 345 frigidus
1414 282 1530 332 inde

264 370 361 410 stat
396 361 602 424 gladius,
640 363 766 411 calet
802 378 951 411 omne
987 377 1172 410 nocens
1206 378 1237 411 a
1273 363 1485 413 Caesare
1517 365 1705 413 ferrum.

337 534 523 596 Charge
556 533 618 594 of
639 535 716 581 tlte
748 535 1009 596 Pompeian
1045 535 1179 582 lzorse
1214 536 1383 583 routed
1408 535 1466 598 by
1507 536 1720 586 Caesar's

925 629 1115 662 reserve.

330 745 440 792 Nec
474 746 694 793 Fortuna
728 742 813 791 diu
849 758 1010 791 rerum
1045 752 1118 792 tot
1153 744 1374 806 pondera
1407 754 1600 794 uertens

265 823 466 873 abstulit
500 823 712 886 ingentis
746 825 849 871 fato
885 831 1099 872 torrente
1133 823 1308 872 ruinas.

262 913 316 952 ut
351 902 560 965 primum
596 912 701 952 toto
736 903 927 952 diduxit
961 919 1147 951 cornua
1180 919 1361 966 campo

263 983 596 1046 Pompeianus
631 999 781 1045 eques
816 982 1032 1045 bellique
1066 999 1155 1046 per
1187 983 1359 1032 ultima
1392 984 1532 1043 fudit,
1563 1013 1569 1017 -

221 1122 223 1124 .
261 1080 431 1128 sparsa
464 1080 551 1127 per
587 1073 828 1112 extremos
862 1063 987 1111 leuis
1022 1073 1262 1112 armatura
1297 1065 1542 1127 maniplos

263 1143 536 1207 insequitur
571 1159 841 1206 saeuasque
876 1160 1049 1191 manus
1085 1143 1285 1193 inmittit
1319 1144 1370 1192 in
1405 1146 1630 1205 hostem3

263 1224 363 1272 illic
397 1239 624 1287 quaeque
660 1240 748 1272 suo
783 1223 958 1272 miscet
992 1239 1111 1285 gens
1145 1225 1330 1287 proelia
1363 1226 1464 1273 telo
1480 1241 1495 1283 3

265 1307 521 1353 Romanus
557 1302 748 1351 cunctis
782 1303 964 1366 petitur
999 1320 1141 1352 cruor
1158 1321 1173 1364 3
1221 1304 1340 1353 inde
1376 1304 1593 1367 sagittae,

264 1384 381 1433 inde
415 1385 548 1431 faces
583 1392 632 1431 et
666 1399 784 1430 saxa
818 1385 1002 1443 uolant,
1039 1384 1296 1446 spatioque
1331 1386 1519 1434 solutae

264 1464 386 1513 aeris
422 1472 471 1512 et
505 1462 667 1510 calido
703 1461 995 1524 liquefactae
1030 1465 1248 1525 pondere
1282 1466 1500 1527 glandes.

267 1561 381 1592 cum
418 1545 613 1601 Caesar,
651 1551 875 1591 metuens
910 1559 974 1591 ne
1009 1545 1142 1592 frons
1177 1543 1269 1593 sibi
1302 1543 1459 1606 prima
1492 1545 1677 1595 labaret

265 1623 477 1683 incursu,
515 1631 649 1671 tenet
686 1622 910 1684 obliquas
946 1632 1058 1686 post
1093 1623 1229 1687 signa
1263 1625 1504 1684 cohortes,

266 1703 417 1766 inque
453 1704 578 1751 latus
613 1701 745 1761 belli,
782 1718 881 1764 qua
915 1719 967 1751 se
1002 1719 1155 1766 uagus
1189 1703 1343 1752 hostis
1378 1704 1568 1766 agebat,

267 1781 468 1831 inmittit
503 1781 718 1830 subitum
754 1797 856 1829 non
891 1783 1038 1831 motis
1073 1782 1305 1830 cornibus
1338 1798 1530 1844 agmen.

265 1863 562 1911 inmemores
597 1878 792 1924 pugnae
827 1864 1063 1925 nulloque
1098 1864 1286 1925 pudore
1321 1863 1528 1912 timendi

266 1941 557 2005 praecipites
591 1943 750 1991 fecere
784 1944 960 2005 palam,
999 1943 1163 1991 ciuilia
1195 1945 1325 1992 bella

266 2039 368 2072 non
402 2024 531 2071 bene
567 2023 828 2071 barbaricis
864 2039 1097 2085 umquam
1132 2024 1397 2072 commissa
1431 2024 1651 2074 cateruis.

268 2113 322 2152 ut
355 2102 566 2165 primum
602 2102 803 2165 sonipes
838 2105 1094 2151 transfixus
1129 2113 1330 2165 pectora
1364 2106 1489 2153 ferro

267 2182 318 2231 in
353 2190 502 2244 caput
537 2181 677 2230 effusi
711 2181 918 2230 calcauit
952 2183 1174 2231 membra
1206 2183 1431 2245 regentis,

268 2265 428 2312 omnis
463 2278 613 2325 eques
648 2262 793 2310 cessit
828 2262 1032 2325 campis,
1069 2264 1435 2326 glomerataque
1471 2266 1628 2314 nubes

268 2344 318 2392 in
356 2360 444 2392 sua
478 2343 727 2392 conuersis
762 2359 996 2405 praeceps
1032 2343 1126 2391 ruit
1160 2344 1354 2405 agmina
1388 2344 1546 2393 frenis.
1618 2331 1621 2333 ’

269 2422 482 2486 perdidit
517 2423 636 2471 inde
669 2424 873 2471 modurn
909 2424 1100 2481 caedes,
1138 2439 1196 2471 ac
1231 2424 1366 2471 nulla
1399 2434 1612 2473 secutast

269 2520 450 2567 pugna,
488 2505 576 2553 sed
609 2503 726 2551 hinc
760 2503 951 2566 iugulis,
989 2504 1104 2550 hinc
1139 2505 1263 2552 ferro
1299 2506 1429 2553 bella
1460 2514 1702 2570 geruntur.

269 2600 362 2632 nec
396 2585 528 2632 ualet
562 2584 685 2631 haec
719 2583 848 2632 acies
883 2593 1075 2632 tantum
1110 2593 1416 2645 prosternere
1452 2595 1691 2647 quantum

268 2665 384 2712 inde
419 2664 573 2726 perire
608 2672 786 2725 potest.
859 2664 1060 2722 utinam,
1099 2664 1357 2722 Pharsalia,
1395 2664 1580 2726 campis

269 2744 474 2794 sufficiat
508 2760 650 2792 cruor
684 2743 775 2792 iste
812 2743 922 2803 tuis,
959 2760 1107 2806 quem
1142 2745 1346 2792 barbara
1380 2745 1594 2794 fundunt

269 2833 498 2887 pectora3
545 2838 646 2870 non
680 2822 777 2870 alio
814 2831 1063 2870 mutentur
1096 2822 1333 2884 sanguine
1366 2823 1525 2888 fontes
1542 2841 1555 2883 3
1582 2886 1587 2889 Δ
1663 2886 1674 2890 a

1772 843 1849 888 505

1775 1243 1854 1286 510

1775 1485 1851 1528 513

1775 1565 1847 1608 521

1775 1882 1852 1927 525

1777 2283 1855 2327 530

1772 2683 1851 2732 ‚535
