1942 3100
615 135 732 176 ΜΒ.
770 134 859 174 V11
900 124 1197 188 385—447.
1683 129 1740 183 15

142 259 195 309 hi
230 266 435 324 possent
471 258 669 320 explere
703 255 809 315 uiri,
847 271 972 318 quos
1008 254 1230 317 undique
1264 252 1408 301 traxit
1666 269 1746 312 415

139 339 191 389 in
226 338 454 388 miseram
491 339 713 385 Fortuna
747 352 937 395 necem,
976 335 1096 383 dum
1132 349 1337 382 munera
1371 330 1506 394 longi

140 418 352 482 explicat
387 417 601 480 eripiens
635 415 760 475 aeui,
797 417 1109 479 populosque
1144 415 1396 475 ducesque

140 498 396 550 constituit
431 498 635 561 campis,
673 515 762 561 per
797 514 922 560 quos
958 497 1060 555 tibi,
1101 499 1279 554 Roma,
1317 493 1478 543 ruenti

143 583 373 633 ostendat
409 597 559 644 quam
594 596 775 643 magna
809 580 971 627 cadas.
1045 594 1144 641 quo
1179 577 1326 626 latius
1361 576 1532 625 orbem

143 661 379 727 possedit,
417 661 559 710 citius
595 677 684 723 per
718 676 954 723 prospera
990 661 1089 708 fata
1123 658 1346 708 cucurrit.
1668 675 1750 715 420

143 760 292 794 omne
328 741 420 792 tibi
455 743 641 792 bellum
677 751 849 805 gentes
886 741 1026 789 dedit
1061 739 1294 788 omnibus
1330 738 1501 788 annis:

144 835 193 874 te
227 823 480 888 geminum
517 823 667 872 Titan
704 823 974 885 procedere
1010 821 1132 870 uidit
1168 821 1219 869 in
1254 837 1427 870 axem:

146 906 282 954 haud
315 906 528 954 multum
566 913 721 953 terrae
758 903 971 966 spatium
1008 904 1223 951 restabat
1260 903 1411 960 ane,

144 997 199 1036 ut
233 985 324 1035 tibi
359 1002 471 1045 nox,
509 985 600 1034 tibi
635 995 741 1034 tota
777 985 898 1044 dies,
936 983 1025 1033 tibi
1061 993 1271 1032 curreret
1307 984 1488 1040 aether,

146 1067 412 1130 omniaque
447 1076 662 1116 errantes
699 1068 868 1115 stellae
906 1068 1138 1114 Romana
1171 1064 1412 1114 uiderent.
1671 1078 1750 1122 425

147 1150 236 1198 sed
267 1157 398 1198 retro
434 1156 519 1196 tua
553 1149 652 1196 fata
688 1147 798 1196 tulit
833 1164 924 1210 par
959 1146 1190 1195 omnibus
1227 1145 1370 1194 annis

150 1228 410 1279 Emathiae
447 1229 643 1277 funesta
678 1228 796 1277 dies.
870 1229 964 1276 hac
999 1229 1107 1276 luce
1144 1236 1345 1276 cruenta

149 1313 378 1362 effectum
414 1319 469 1359 ut
505 1309 675 1359 Latios
712 1326 814 1358 non
849 1310 1044 1358 horreat
1082 1308 1227 1356 India
1262 1310 1433 1366 fasces,

148 1409 244 1443 nec
277 1391 459 1441 uetitos
494 1407 653 1440 errare
690 1391 861 1439 Dahas
898 1390 950 1438 in
985 1390 1184 1438 moenia
1219 1391 1369 1438 ducat

148 1456 571 1535 Sarmaticumque
605 1480 796 1535 premat
833 1473 1111 1520 succinctus
1144 1472 1317 1519 consul
1349 1478 1583 1519 aratrum:
1674 1488 1756 1529 430

151 1554 288 1619 quod
324 1570 521 1617 semper
556 1569 730 1602 saeuas
766 1554 919 1602 debet
955 1552 1045 1601 tibi
1082 1553 1280 1601 Parthia
1314 1568 1515 1615 poenas,

151 1635 288 1699 quod
322 1634 513 1700 fugiens
548 1633 694 1684 ciuile
729 1635 866 1683 nefas
901 1633 1214 1696 redituraque
1250 1649 1520 1694 numquam

150 1716 350 1766 libertas
384 1717 511 1764 ultra
545 1715 732 1778 Tigrim
771 1716 1105 1777 Rhenumque
1142 1715 1356 1774 recessit,

152 1813 213 1846 ac
246 1797 429 1846 totiens
465 1794 610 1844 nobis
646 1796 815 1859 iugulo
851 1797 1074 1858 quaesita
1110 1804 1327 1858 uagatur,

155 1879 458 1927 Germanum
497 1875 882 1939 Scythicumque
919 1878 1121 1935 bonum,
1160 1892 1253 1924 nec
1289 1875 1486 1939 respicit
1522 1877 1646 1923 ultra

154 1955 440 2007 Ausoniam.
515 1959 711 2018 uellem,
749 1956 946 2020 populis
983 1956 1234 2020 incognita
1269 1955 1447 2005 nostris
1678 1962 1758 2015 436

154 2037 360 2087 uolturis
396 2047 451 2087 ut
487 2039 697 2101 primum
734 2039 878 2087 laeuo
914 2039 1118 2087 fundata
1153 2040 1323 2087 uolatu

157 2120 401 2168 Romulus
436 2119 607 2168 infami
644 2118 913 2182 compleuit
948 2120 1147 2168 moenia
1182 2121 1309 2180 luco,

155 2216 312 2263 usque
347 2201 413 2249 ad
446 2200 758 2249 Thessalicas
794 2200 1041 2258 seruisses,
1080 2202 1258 2259 Roma,
1297 2200 1472 2249 ruinas.

144 2274 222 2330 'de
257 2280 435 2341 Brutis,
473 2283 706 2339 Fortuna,
747 2297 937 2344 queror.
1010 2280 1131 2343 quid
1167 2290 1391 2343 tempora
1426 2282 1588 2343 legum
1679 2298 1761 2338 440

159 2361 347 2424 egimus
382 2370 467 2410 aut
501 2378 660 2411 annos
696 2378 725 2410 a
759 2363 965 2411 consule
1000 2378 1187 2410 nomen
1222 2361 1486 2410 habentis?

159 2441 325 2490 felices
361 2441 549 2490 Arabes
587 2441 828 2503 Medique
866 2443 1073 2503 anque
1108 2442 1265 2499 tellus,

159 2537 309 2585 quarn
345 2522 438 2569 sub
471 2523 719 2584 perpetuis
755 2530 1017 2569 tenuerunt
1051 2521 1151 2568 fata
1187 2520 1417 2583 tyrannis.

161 2617 223 2651 ex
258 2600 454 2664 populis
489 2600 574 2663 qui
609 2617 759 2663 regna
793 2602 954 2649 ferunt
989 2616 1092 2649 sors
1127 2600 1299 2649 ultima
1333 2610 1500 2650 nostra
1537 2610 1621 2659 est,

162 2697 288 2745 quos
323 2681 503 2730 seruire
537 2682 707 2744 pudet.
782 2690 895 2729 sunt
931 2681 1074 2731 nobis
1110 2683 1244 2730 nulla
1279 2684 1500 2744 profecto
1681 2695 1760 2739 445

162 2761 394 2810 numina:
441 2778 556 2810 cum
592 2777 743 2811 caeco
778 2762 1027 2824 rapiantur
1061 2764 1256 2811 saecula
1290 2779 1421 2821 casu,

77 2860 81 2863 ’
163 2841 430 2891 mentimur
463 2859 667 2906 regnare
705 2844 895 2891 Iouem.
967 2843 1210 2906 spectabit
1246 2844 1309 2891 ab
1344 2845 1445 2890 alto
