1942 3100
605 164 834 204 LVCANI
872 164 953 203 DE
993 165 1188 206 BELLO
1227 165 1417 206 CIVILI

255 301 342 346 pro
378 300 431 332 se
465 285 587 332 ferre
622 294 808 333 metus:
856 284 964 333 urbi
1001 287 1286 348 Magnoque
1322 286 1532 336 timetur.

255 381 347 413 nec
380 364 552 427 gladiis
588 365 802 412 habuere
837 366 999 423 fidem,
1038 365 1130 413 nisi
1166 366 1388 415 cautibus
1422 384 1566 430 asper

255 444 430 492 exarsit
465 459 662 503 mucr03
710 453 828 492 tunc
865 444 1026 493 omnis
1061 447 1236 494 lancea
1271 463 1390 496 saxo

259 522 510 585 corrigitur
528 540 542 583 3
588 525 801 571 tendunt
836 527 998 573 neruis
1034 525 1316 575 melioribus
1351 544 1489 576 arcus
1508 547 1521 589 3

255 619 372 650 cura
405 601 493 649 fuit
527 602 665 650 lectis
700 604 950 665 pharetras
987 606 1175 667 inplere
1210 606 1409 670 sagittis.

253 690 397 744 auget
431 698 582 744 eques
619 682 841 732 stimulos
877 686 1221 748 frenorumque
1256 697 1393 749 aptat
1427 689 1658 738 habenas.

252 761 290 809 si
326 761 471 811 liceat
506 764 693 825 superis
728 766 984 813 hominum
1005 759 1253 830 conferre]
1276 770 1482 828 labores,

253 860 353 892 non
389 844 528 892 aliter
562 846 768 908 Phlegra
802 845 999 895 rabidos
1035 849 1238 897 tollente
1274 849 1509 912 Gigantas

255 924 460 973 Martius
495 924 696 973 incaluit
733 925 906 975 Siculis
942 927 1204 978 incudibus
1241 930 1384 990 ensiS,

252 1015 300 1054 et
334 1007 499 1054 rubuit
535 1006 743 1054 flammis
778 1006 952 1055 iterum
991 1010 1248 1071 Neptunia
1282 1011 1459 1074 cuspis,

251 1086 535 1149 spiculaque
571 1096 774 1135 extenso
812 1090 976 1136 Paean
1017 1092 1238 1153 Pythone
1273 1092 1470 1151 recoxit,

251 1169 410 1216 Pallas
446 1170 736 1230 Gorgoneos
773 1168 967 1218 diffudit
1001 1168 1052 1217 in
1086 1171 1262 1234 aegida
1297 1172 1468 1234 crines,

252 1249 511 1296 Pallenaea
547 1248 656 1296 Ioui
692 1249 899 1297 mutauit
933 1250 1138 1298 fulmina
1174 1253 1400 1315 Cyclops.

299 1396 396 1443 The
425 1396 553 1458 segns
585 1397 645 1458 of
666 1399 869 1444 disaster
899 1405 945 1446 to
979 1401 1056 1446 tlte
1089 1402 1376 1462 Pompeiam
1410 1402 1517 1448 and
1544 1401 1605 1462 of
1625 1401 1731 1448 dire

655 1479 831 1539 victory
865 1484 911 1526 to
946 1481 1022 1526 tlze
1063 1481 1107 1528 C
1105 1483 1361 1529 aesarians.

317 1579 434 1627 Non
471 1587 637 1626 tamen
672 1578 909 1627 abstinuit
945 1589 1177 1630 uenturos
1212 1583 1420 1644 prodere
1453 1599 1593 1632 casus

248 1673 335 1719 per
370 1658 524 1707 uarias
560 1661 778 1707 Fortuna
812 1669 968 1709 notas.
1041 1677 1156 1709 nam
1191 1664 1429 1711 Thessala
1461 1680 1572 1712 rura

249 1752 359 1784 cum
395 1748 631 1800 peterent,
669 1748 800 1788 totus
836 1740 1147 1790 uenientibus
1183 1742 1369 1792 obstitit
1403 1744 1581 1802 aether,

249 1818 578 1882 aduersasque
613 1822 745 1869 faces
780 1820 1105 1884 inmensoque
1139 1822 1252 1885 igne
1286 1826 1541 1872 columnas

249 1907 298 1946 et
333 1901 550 1949 trabibus
585 1900 747 1949 mixtis
783 1901 956 1950 auidos
992 1904 1234 1965 typhonas
1269 1921 1504 1967 aquarum
1535 1968 1538 1970 v
1606 1959 1612 1964 ,

251 1979 438 2039 detulit,
476 1991 626 2040 atque
661 1983 831 2029 oculos
867 1981 1058 2044 ingesto
1093 1985 1279 2046 fulgure
1315 1984 1518 2044 clausit3

248 2061 459 2109 excussit
494 2060 660 2109 cristas
696 2063 860 2124 galeis,
898 2064 1200 2126 capulosque
1236 2064 1406 2113 solutis

247 2141 461 2203 perfudit
495 2142 683 2203 gladiis,
722 2151 986 2204 ereptaque
1021 2144 1120 2205 pila
1155 2143 1370 2206 liquauit,

246 2222 573 2283 aethereoque
609 2238 794 2270 nocens
830 2223 1037 2271 fumauit
1074 2225 1306 2286 sulphure
1341 2226 1534 2273 ferrum.
1604 2283 1609 2287 Α

247 2317 340 2349 nec
374 2317 477 2349 non
511 2301 769 2351 innumero
805 2312 1042 2366 cooperta
1076 2304 1302 2352 examine
1338 2305 1476 2367 signa
1569 2362 1573 2366 y

247 2381 429 2443 uixque
465 2385 658 2431 reuolsa
693 2385 815 2441 solo,
854 2383 1026 2431 maiori
1060 2385 1278 2445 pondere
1313 2379 1553 2447 pressum3

250 2460 462 2523 signiferi
497 2479 708 2511 mersere
742 2474 890 2525 caput
925 2464 1138 2512 rorantia
1173 2465 1302 2524 fletu,
1512 2457 1520 2462 ⁴
1559 2459 1563 2461 ⁵

248 2557 403 2602 usque
438 2543 502 2590 ad
536 2543 841 2591 Thessaliam
879 2546 1108 2591 Romana
1143 2554 1191 2592 et
1226 2544 1424 2606 publica
1459 2545 1606 2608 signa.

245 2621 472 2669 admotus
509 2623 695 2684 superis
731 2623 951 2672 discussa
984 2624 1107 2686 fugit
1142 2625 1204 2672 ab
1241 2640 1323 2671 ara

245 2710 408 2748 taurus
442 2710 491 2748 et
527 2702 782 2751 Emathios
818 2719 1053 2765 praeceps
1090 2719 1141 2751 se
1177 2702 1291 2751 iecit
1324 2703 1375 2750 in
1411 2719 1552 2766 agros
1570 2722 1583 2764 3

409 2854 532 2907 inque
560 2856 687 2895 oculis
715 2856 930 2895 hominum
957 2858 1161 2910 fregerunt
1190 2858 1361 2898 fulmina
1390 2859 1520 2899 nubes

1769 468 1845 508 ¹40

1767 867 1841 911 145

1766 1269 1842 1312 150

1764 1840 1837 1884 155

1762 2232 1838 2273 160

1759 2632 1833 2683 165

1758 2869 1833 2910 154
