1942 3100
179 150 215 200 4

594 140 821 181 LVCANI
859 140 942 179 DE
979 139 1176 181 BELLO
1213 139 1401 180 CIVILI

244 261 593 326 prosilientque
628 261 769 310 acies.
842 262 1025 323 pudeat
1060 260 1245 310 uicisse.
1271 269 1512 310 coactum.

245 342 284 391 si
319 342 446 391 duce
481 351 530 390 te
565 342 711 401 iusso,
749 343 788 389 si
825 341 968 390 nobis
1003 342 1132 390 bella
1165 349 1410 404 geruntur,

245 422 304 470 sit
340 421 466 479 iuris,
503 438 818 485 quocumque
854 421 1021 480 uelint,
1059 435 1345 469 concurrere
1380 435 1570 483 campo.
1775 429 1830 472 80

245 501 365 562 quid
401 499 571 547 mundi
606 499 795 562 gladios
830 517 859 548 a
895 498 1131 562 sanguine
1166 499 1391 549 Caesaris
1425 501 1596 548 arces?

242 583 436 629 uibrant
473 583 570 630 tela
605 597 802 642 manus3
849 580 932 629 uix
967 582 1104 643 signa
1139 579 1378 628 morantia
1413 579 1671 642 quisquam

242 670 523 723 exspectat:
570 678 791 724 propera,
829 677 892 710 ne
927 671 975 709 te
1011 670 1093 710 tua
1127 661 1331 709 classica
1364 660 1602 722 linquant.

241 741 362 790 scire
399 750 596 790 senatus
632 751 759 801 auct,
798 741 937 790 miles
972 751 1032 800 te,
1075 743 1274 804 Magne,
1311 750 1555 803 sequatur,

240 839 302 870 an
338 825 536 871 comeS.’

706 952 806 998 lee
836 952 966 1013 reply
999 950 1061 1012 of
1081 951 1295 1012 Pompqy.

549 1047 789 1112 ingemuit
822 1061 995 1111 rector,
1033 1049 1284 1111 sensitque
1319 1051 1522 1099 deorum
1772 1056 1826 1110 85

241 1146 351 1179 esse
383 1130 524 1179 dolos
548 1139 609 1178 'et
644 1132 742 1179 fata
777 1148 895 1179 suae
930 1129 1171 1179 contraria
1206 1129 1373 1178 menti.

243 1211 317 1258 ‘Si
354 1212 517 1272 placet
552 1211 673 1259 hoc'
709 1211 870 1273 inquit
907 1211 1137 1269 ‘cunctiS,
1177 1209 1215 1258 si
1251 1209 1404 1258 milite
1440 1211 1640 1272 Magno,

238 1306 339 1337 non
375 1291 500 1338 duce
535 1299 732 1354 tempus
770 1301 892 1354 eget,
932 1292 999 1338 nil
1034 1293 1157 1339 ultra
1192 1293 1292 1338 fata
1326 1292 1563 1339 morabor.

239 1369 461 1419 inuoluat
496 1373 706 1433 populos
742 1388 841 1419 una
876 1374 1090 1420 Fortuna
1124 1371 1278 1430 ruina,

237 1449 395 1511 sitque
430 1452 688 1500 hominum
725 1467 931 1514 magnae
967 1453 1051 1499 lux
1085 1452 1177 1500 ista
1211 1451 1479 1500 nouissima
1512 1451 1648 1514 parti.
1770 1470 1825 1510 90

236 1538 399 1589 testor,
439 1534 614 1593 Roma,
654 1541 819 1581 tamen
857 1534 1107 1594 Magnum,
1146 1547 1245 1593 quo
1279 1541 1459 1580 cuncta
1492 1532 1717 1595 perirent,

239 1612 487 1674 accepisse
522 1612 668 1660 diem.
741 1613 900 1674 potuit
935 1611 1021 1660 tibi
1057 1614 1256 1661 uolnere
1290 1614 1424 1661 nullo

236 1701 361 1740 stare
396 1694 534 1740 labor
569 1692 683 1740 belli
700 1709 713 1751 ;
760 1691 920 1753 potuit
956 1693 1061 1740 sine
1096 1693 1249 1740 caede
1284 1694 1542 1741 subactum

239 1771 591 1834 captiuumque
627 1773 805 1820 ducem
841 1772 1054 1820 uiolatae
1089 1773 1280 1820 tradere
1313 1773 1434 1835 paci.

236 1853 346 1914 quis
382 1854 525 1910 furor,
565 1869 596 1900 o
631 1853 778 1910 caeci,
817 1854 1091 1901 scelerum?
1157 1853 1319 1901 ciuilia
1353 1854 1482 1902 bella
1768 1870 1820 1914 95

200 1979 202 1982 ,
236 1933 418 1994 gesturi
454 1941 681 1980 metuunt
716 1948 779 1980 ne
814 1949 914 1980 non
951 1949 1064 1980 cum
1100 1932 1334 1995 sanguine
1369 1932 1606 1981 uincant?

183 2010 185 2013 ’
235 2012 523 2059 abstulimus
559 2021 720 2069 terras,
759 2012 1051 2060 exclusimus
1087 2028 1299 2074 aequore
1334 2021 1454 2074 toto,

236 2093 299 2139 ad
334 2101 665 2153 praematuras
701 2100 920 2153 segetum
955 2091 1119 2140 ieiuna
1153 2092 1345 2154 rapinas

233 2171 430 2233 agmina
463 2171 803 2233 compulimus,
840 2179 1110 2233 uotumque
1145 2172 1394 2220 effecimus
1429 2171 1558 2220 hosti

234 2259 287 2297 ut
322 2252 488 2299 mallet
524 2251 671 2299 sterni
705 2251 875 2313 gladiis
913 2261 1193 2312 mortesque
1229 2266 1426 2299 suorum
1742 2269 1818 2299 100

233 2332 525 2392 permiscere
560 2330 695 2379 meis.
767 2330 882 2378 belli
917 2346 1027 2392 pars
1062 2347 1240 2393 magna
1274 2340 1472 2392 peracta
1507 2337 1580 2378 est

233 2409 321 2466 his,
359 2409 535 2470 quibus
572 2411 799 2457 effectum
835 2419 909 2457 est
943 2426 1006 2457 ne
1041 2426 1255 2472 pugnam
1291 2410 1383 2458 tiro
1418 2416 1651 2471 paueret3

235 2487 275 2535 si
310 2491 460 2537 modo
494 2489 684 2536 uirtutis
720 2489 925 2536 stimulis
961 2488 1157 2551 iraeque
1192 2491 1353 2537 calore

235 2566 372 2628 signa
406 2576 592 2628 petunt.
666 2570 845 2615 multos
881 2569 931 2615 in
968 2585 1158 2616 summa
1191 2568 1408 2630 pericula
1441 2566 1572 2616 misit

232 2645 424 2693 uenturi
460 2646 604 2694 timor
638 2645 744 2707 ipse
778 2646 906 2694 mali.
977 2647 1266 2694 fortissimus
1301 2646 1382 2695 ille
1415 2655 1501 2704 est,
1739 2662 1812 2705 105

235 2724 333 2785 qui,
369 2732 624 2785 promptus
659 2726 925 2773 metuenda
959 2725 1062 2787 pati
1097 2725 1137 2773 si
1172 2725 1446 2773 cornminus
1482 2724 1677 2782 instent,

236 2812 285 2851 et
320 2803 510 2851 differre
544 2812 717 2865 potest.
779 2805 940 2866 placet
974 2805 1099 2853 haec
1132 2813 1232 2852 tam
1267 2819 1502 2866 prospera
1534 2817 1694 2853 rerum
