1942 3100
153 143 214 194 14
563 141 793 183 LVCANI
830 145 912 184 DE
952 146 1148 188 BELLO
1187 148 1375 189 CIVILI

162 313 498 360 DIGRESSION.
579 314 676 360 The
709 315 855 362 havoc
888 316 938 362 in
976 316 1054 362 tlte
1083 317 1278 363 Roman
1312 319 1488 380 empire
1517 321 1672 368 which
1705 323 1782 369 tlte

394 394 668 455 impendz‘ng
695 394 876 456 conflz'ct
907 396 1017 442 will
1047 398 1184 443 make
1201 397 1294 458 for
1323 399 1400 445 all
1427 401 1548 447 time.

275 502 404 562 Ergo
439 500 683 562 utrimque
718 502 819 563 pari
858 513 1150 563 procurrunt
1185 502 1379 565 agmina
1414 514 1550 554 motu
1719 515 1794 569 385

205 581 413 642 irarum3
461 591 620 630 metus
654 583 745 630 hos
780 582 928 645 regni,
968 599 1082 645 spes
1118 583 1297 632 excitat
1331 585 1453 634 illos.

205 662 299 709 hae
334 661 513 709 facient
549 663 762 720 dextrae,
799 662 1041 724 quidquid
1077 679 1179 711 non
1215 666 1410 725 expleat
1444 675 1579 714 aetas

204 742 304 788 ulla
338 757 431 788 nec
467 743 735 790 humanum
770 753 961 806 reparet
995 759 1162 805 genus,
1202 744 1432 793 omnibus
1466 745 1607 794 annis

156 859 158 861 .
204 831 258 868 ut
291 831 433 869 uacet
469 838 497 870 a
531 823 670 871 ferro.
741 832 911 885 gentes
949 826 1084 871 Mars
1119 824 1210 872 iste
1244 826 1429 873 futuras

205 903 393 960 obruet,
433 911 482 951 et
516 904 731 965 populos
765 903 877 952 aeui
911 903 1154 953 uenientis
1189 905 1239 952 in
1276 907 1446 953 orbem
1715 925 1796 968 390

206 992 375 1044 erepto
411 985 574 1031 natale
610 985 742 1031 feret.
814 993 931 1032 tunc
968 1000 1116 1034 omne
1153 986 1380 1033 Latinum

204 1064 370 1110 fabula
404 1079 587 1111 nomen
624 1063 742 1113 erit:
791 1064 978 1112 Gabios
1013 1065 1261 1128 Veiosque
1298 1068 1577 1128 Coramque

206 1145 528 1206 Albanosque
563 1147 686 1192 lares
723 1145 1145 1207 Laurentinosque
1180 1154 1380 1207 penates
1717 1166 1796 1207 394

205 1225 408 1286 puluere
442 1223 524 1272 uix
559 1234 718 1273 tectae
754 1235 988 1287 poterunt
1025 1235 1294 1274 monstrare
1329 1226 1511 1285 ruinae,
1717 1246 1794 1287 393

204 1321 284 1352 rus
320 1321 545 1364 uacuum,
583 1306 718 1367 quod
754 1322 855 1354 non
890 1305 1091 1365 habitet,
1129 1306 1222 1354 nisi
1257 1316 1402 1355 nocte
1437 1316 1623 1366 coacta,
1717 1324 1814 1368 395,

204 1382 385 1430 inuitus
419 1391 720 1444 questusque
755 1385 971 1430 Numam
1007 1384 1201 1432 iussisse
1237 1394 1445 1433 senator.

205 1479 306 1511 non
341 1472 474 1511 aetas
509 1465 631 1512 haec
667 1465 848 1525 carpsit
885 1466 1010 1513 edax
1045 1465 1449 1528 monimentaque
1483 1482 1642 1514 rerum

203 1542 362 1604 putria
396 1543 644 1591 destituit:
691 1543 875 1592 crimen
911 1544 1052 1593 ciuile
1089 1546 1314 1594 uidemus

205 1631 279 1670 tot
314 1639 494 1671 uacuas
531 1625 688 1673 urbes,
762 1625 951 1686 generis
990 1642 1090 1687 quo
1125 1628 1266 1674 turba
1300 1627 1497 1675 redacta
1524 1635 1605 1678 est

205 1702 444 1750 humani?
490 1711 596 1751 toto
633 1704 805 1766 populi
841 1704 926 1766 qui
961 1705 1206 1753 nascimur
1241 1707 1370 1765 orbe,
1712 1724 1795 1765 400

204 1799 299 1831 nec
334 1799 497 1832 muros
533 1783 718 1846 inplere
752 1783 867 1832 uiris
903 1801 997 1833 nec
1030 1801 1291 1847 possumus
1324 1835 1358 1855 ,ᾗ

205 1863 318 1911 urbs
352 1879 444 1911 nos
479 1880 579 1912 una
612 1864 757 1927 capit.
829 1864 998 1914 uincto
1035 1868 1220 1914 fossore
1255 1868 1316 1931 cyro*

207 1943 481 2004 Hesperiae
516 1953 734 2006 segetes3
781 1954 876 1993 stat
911 1945 1050 1993 tectis
1086 1946 1238 2007 putris
1273 1936 1353 1993 aui

205 2022 256 2070 in
291 2025 449 2071 nullos
483 2025 664 2071 ruitura
697 2026 875 2072 domus
894 2042 908 2083 ;
952 2027 1186 2086 nulloque
1221 2026 1527 2086 frequentem
1661 2082 1667 2088 ,

204 2102 314 2150 ciue
349 2119 439 2150 suo
476 2105 691 2151 Romam
727 2106 816 2153 sed
851 2104 1023 2152 mundi
1058 2106 1193 2153 faece
1226 2106 1464 2166 repletam
1712 2121 1792 2166 405

205 2183 357 2230 cladis
393 2198 453 2230 eo
489 2183 729 2241 dedimus,
769 2200 833 2232 ne
870 2193 1008 2232 tanto
1043 2184 1094 2231 in
1131 2200 1335 2246 corpore
1371 2185 1553 2232 bellum

205 2262 302 2310 iam
336 2271 501 2324 posset
537 2262 679 2311 ciuile
713 2263 827 2325 geri.
901 2264 1147 2312 Pharsalia
1183 2263 1305 2311 tanti

206 2358 354 2389 causa
387 2342 515 2390 mali.
588 2345 769 2391 cedant
802 2342 970 2391 feralia
1004 2345 1204 2391 nomina
1241 2345 1444 2392 Cannae

207 2431 256 2469 et
290 2423 524 2470 damnata
559 2422 643 2470 diu
680 2423 922 2472 Romanis
957 2423 1088 2471 Allia
1121 2424 1268 2471 fastis.

206 2510 430 2563 tempora
465 2503 674 2564 signauit
709 2503 948 2551 leuiorum
985 2506 1148 2551 Roma
1182 2505 1451 2560 malorum3
1711 2521 1792 2562 410

206 2582 337 2628 hunc
371 2581 526 2628 uoluit
561 2581 748 2631 nescire
784 2582 934 2630 diem.
1002 2599 1092 2645 pro
1127 2582 1279 2630 tristia
1313 2584 1441 2629 fata!

208 2675 319 2707 aera
352 2659 634 2721 pestiferum
670 2670 825 2710 tractu
861 2665 1158 2724 morbosque
1192 2661 1387 2709 fluentis

209 2739 530 2801 insanamque
564 2742 743 2788 famem
778 2743 1136 2803 permissasque
1171 2741 1363 2803 ignibus
1397 2741 1543 2787 urbes

210 2820 503 2880 moeniaque
538 2820 588 2867 in
623 2836 855 2881 praeceps
891 2822 1072 2868 laturos
1108 2822 1253 2882 plena
1287 2828 1519 2867 tremores
