1942 3100
130 108 195 158 28
548 115 776 156 LVCANI
815 113 898 155 DE
937 112 1135 154 BELLO
1173 112 1363 153 CIVILI

195 253 297 286 non
332 235 633 299 interpositis
669 245 870 284 urantur
903 221 1111 298 corpora
1145 231 1370 282 flammis.
1710 237 1787 292 805

195 326 281 366 aut
314 315 480 380 generi
515 315 556 364 si
589 331 751 379 poena
787 314 937 373 iuuat,
973 330 1148 363 nemus
1185 323 1353 362 extrue
1388 312 1546 371 Pindi,

196 397 325 459 erige
360 405 616 459 congestas
654 397 846 446 Oetaeo
880 397 1056 444 robore
1092 393 1256 452 siluas,

195 477 531 527 Thessalicam
566 474 734 525 uideat
771 474 1038 538 Pompeius
1073 473 1136 523 ab
1171 489 1387 536 aequore
1422 473 1683 522 flammam.

197 558 266 606 nil
300 557 401 621 agis
436 559 530 606 hac
565 557 664 607 ira:
713 559 918 606 tabesne
953 556 1196 604 cadauera
1232 556 1391 604 soluat

198 656 260 688 an
296 655 454 702 rogus,
493 638 628 686 haud
662 640 808 687 refert
826 654 841 698 ;
887 637 1084 700 placido
1121 637 1311 684 Natura
1344 643 1560 698 receptat
1712 641 1793 683 810

197 730 376 768 cuncta
411 718 532 778 sinu,
569 720 817 781 finemque
852 717 925 766 sui
961 717 1053 766 sibi
1089 732 1295 780 corpora
1330 716 1526 765 debent.

196 803 302 860 hos,
341 802 535 859 Caesar,
573 801 782 862 populos
818 797 858 847 si
893 814 1026 846 nunc
1062 813 1164 846 non
1199 796 1373 846 usserit
1406 795 1545 859 ignis,

198 890 305 930 uret
338 897 451 929 cum
488 879 635 939 terris,
672 889 778 929 uret
814 896 925 927 cum
962 877 1149 941 gurgite
1183 877 1337 941 ponti.

198 960 475 1009 communis
510 961 697 1009 mundo
735 969 953 1022 superest
987 974 1133 1021 rogus
1169 957 1362 1007 ossibus
1399 966 1526 1006 astra

198 1041 448 1089 mixturus.
520 1056 836 1104 quocumque
872 1048 1007 1088 tuam
1045 1041 1263 1088 Fortuna
1297 1037 1510 1098 uocabit,
1713 1044 1791 1097 815

199 1122 292 1169 hae
327 1137 527 1183 quoque
563 1129 681 1169 eunt
717 1120 939 1169 animae:
989 1135 1091 1168 non
1126 1118 1270 1168 altius
1306 1117 1399 1168 ibis
1434 1117 1486 1166 in
1521 1133 1674 1178 auras,

199 1217 301 1249 non
336 1201 536 1250 meliore
571 1201 685 1249 loco
721 1199 885 1263 Stygia
920 1201 1012 1248 sub
1048 1208 1195 1249 nocte
1230 1198 1424 1248 iacebis.

199 1283 352 1330 libera
387 1282 609 1330 fortunae
644 1297 775 1330 mors
811 1290 915 1330 est:
962 1279 1092 1343 capit
1127 1279 1296 1329 omnia
1330 1280 1487 1338 tellus,

201 1378 325 1425 quae
360 1361 555 1424 genuit:
603 1363 745 1410 caelo
781 1361 958 1424 tegitur
994 1360 1078 1422 qui
1115 1377 1216 1408 non
1252 1361 1403 1409 habet
1436 1375 1622 1407 urnam.

200 1451 267 1502 tu,
304 1442 384 1490 cui
419 1443 539 1490 dant
573 1458 759 1505 poenas
793 1439 1051 1490 inhumato
1086 1441 1255 1489 funere
1290 1448 1474 1503 gentes,
1714 1445 1795 1485 820

201 1523 320 1586 quid
354 1523 479 1586 fugis
514 1524 644 1571 hanc
679 1523 910 1571 cladem?
958 1520 1077 1584 quid
1113 1523 1301 1570 olentes
1337 1519 1519 1570 deseris
1554 1522 1731 1583 agros?

199 1604 287 1651 has
323 1604 474 1662 trahe,
512 1604 707 1661 Caesar,
744 1618 932 1664 aquas3
979 1603 1088 1662 hoc,
1127 1601 1168 1649 si
1204 1611 1360 1664 potes,
1397 1610 1534 1650 utere
1569 1600 1722 1648 caelo.

200 1685 288 1732 sed
322 1683 412 1733 tibi
446 1684 671 1733 tabentes
706 1682 876 1745 populi
913 1682 1191 1731 Pharsalica
1224 1699 1333 1731 rura

200 1764 412 1827 eripiunt
446 1780 750 1826 camposque
786 1772 955 1812 tenent
990 1762 1175 1813 uictore
1209 1764 1391 1826 fugato.

312 1903 409 1949 lee
442 1903 593 1949 beasts
627 1900 732 1948 and
758 1901 890 1949 birds
924 1902 1033 1948 tlzat
1048 1901 1240 1963 fiasted
1268 1917 1327 1948 on
1362 1901 1442 1948 tlte
1471 1900 1611 1947 slain.

270 2004 387 2050 Non
423 2002 582 2049 solum
620 1999 892 2049 Haemonii
925 2001 1117 2048 funesta
1150 2000 1215 2048 ad
1249 2000 1430 2062 pabula
1460 1997 1580 2048 belli
1715 2004 1791 2056 825

202 2080 411 2130 Bistonii
447 2096 626 2129 uenere
662 2081 779 2142 lupi,
818 2081 1083 2141 tabemque
1119 2089 1348 2128 cruentae
1432 2092 1434 2094 ·

200 2160 366 2210 caedis
401 2159 593 2209 odorati
627 2160 852 2209 Pholoen
886 2158 1070 2222 liquere
1105 2161 1287 2209 leones.

201 2252 321 2291 tunc
355 2257 497 2290 ursae
532 2242 757 2299 latebraS,
794 2240 1029 2289 obscaeni
1065 2248 1196 2289 tecta
1231 2241 1506 2302 domosque

202 2323 460 2371 deseruere
494 2338 655 2380 canes,
694 2330 743 2370 et
778 2321 1021 2384 quidquid
1057 2336 1172 2369 nare
1208 2320 1369 2383 sagaci

201 2419 312 2451 aera
347 2417 449 2450 non
486 2418 661 2450 sanum
696 2410 982 2463 motumque
1018 2403 1258 2450 cadauere
1295 2399 1456 2450 sentit.
1714 2405 1794 2459 830

200 2483 397 2543 iamque
433 2482 518 2531 diu
555 2484 778 2531 uolucres
813 2481 977 2530 ciuilia
1011 2490 1169 2530 castra
1204 2489 1402 2530 secutae

201 2561 515 2611 conueniunt.
588 2578 692 2621 uos,
730 2578 857 2624 quae
894 2562 1012 2611 Nilo
1046 2571 1235 2610 mutare
1270 2560 1435 2610 soletis

201 2641 452 2691 Threicias
487 2642 686 2700 hiemes,
726 2644 790 2690 ad
826 2643 1025 2691 mollem
1061 2642 1211 2690 serius
1246 2644 1480 2690 Austrum

202 2723 321 2781 istis,
357 2738 488 2771 aues.
559 2738 830 2784 numquam
867 2731 1004 2770 tanto
1039 2738 1092 2770 se
1127 2723 1315 2770 uolture
1349 2723 1539 2770 caelum

203 2802 361 2852 induit
396 2810 482 2850 aut
515 2802 678 2863 plures
714 2811 991 2864 presserunt
1025 2817 1137 2850 aera
1171 2802 1365 2864 pinnae.
1711 2807 1790 2858 835
