1942 3100
129 117 197 168 26
545 126 774 168 LVCANI
812 126 893 167 DE
931 126 1128 168 BELLo
1166 127 1356 168 c1VIL1

191 250 369 313 inpulit
401 258 622 298 amentes
659 205 1132 312 aurique’cupidine
1167 267 1342 300 caecos

191 331 260 379 ire
294 345 439 392 super
473 329 663 392 gladios
700 345 946 391 supraque
981 331 1224 378 cadauera
1258 340 1452 392 patrum

191 421 241 461 et
275 426 445 460 caesos
481 412 669 458 calcare
705 411 868 458 duces.
943 426 1071 473 quae
1111 412 1254 469 fossa,
1292 410 1400 473 quis
1435 427 1581 475 agger

192 488 428 536 sustineat
464 486 677 548 pretium
712 487 829 535 belli
866 489 1205 550 scelerumque
1240 488 1489 551 petentis?
1701 507 1781 550 750

191 567 313 617 scire
347 575 506 624 ruunt,
545 575 729 627 quanta
763 567 940 615 fuerint
974 570 1202 618 mercede
1236 577 1506 618 nocentes:

190 647 422 695 inuenere
458 646 658 708 quidem
695 646 905 709 spoliato
941 648 1151 709 plurima
1185 651 1374 698 mundo

190 728 430 775 bellorum
467 727 517 775 in
553 737 775 790 sumptus
811 738 1076 791 congestae
1111 731 1332 792 pondera
1367 746 1589 780 massae:

191 808 281 856 sed
316 823 419 856 non
454 806 679 870 impleuit
714 807 956 870 cupientis
992 810 1160 857 omnia
1194 820 1400 859 mentes.

190 887 432 950 quidquid
469 886 594 936 fodit
631 887 805 947 Hiber,
843 888 1084 951 quidquid
1121 891 1285 952 Tagus
1323 890 1489 953 expuit
1523 889 1639 950 auri,
1698 909 1775 952 755

190 969 327 1030 quod
362 967 479 1031 legit
513 967 653 1016 diues
689 967 893 1017 summis
930 969 1216 1033 Arimaspus
1252 971 1444 1020 harenis

189 1058 243 1097 ut
276 1048 483 1111 rapiant,
519 1064 670 1110 paruo
705 1050 863 1097 scelus
899 1050 995 1098 hoc
1028 1051 1221 1100 uenisse
1257 1054 1529 1115 putabunt:

188 1145 303 1176 cum
338 1127 431 1177 sibi
466 1129 700 1191 Tarpeias
735 1129 892 1178 uictor
926 1131 1245 1193 desponderit
1279 1149 1426 1190 arces,

188 1224 300 1256 cum
337 1225 423 1271 spe
460 1211 719 1258 Romanae
755 1210 1031 1273 promiserit
1066 1211 1234 1261 omnia
1268 1214 1493 1275 praedae,

187 1289 425 1351 decipitur
458 1291 593 1352 quod
628 1299 784 1339 castra
818 1291 957 1354 rapit.

217 1421 282 1468 ΖΞ)
323 1421 502 1468 Caesar
533 1423 638 1468 and
666 1423 742 1469 [τίς
776 1429 933 1484 troops
966 1425 1113 1485 asleep
1147 1425 1199 1471 in
1234 1425 1310 1471 the
1342 1432 1476 1485 camp
1510 1431 1691 1487 appear

587 1502 665 1548 tlze
683 1502 946 1563 phantoms
979 1504 1039 1564 of
1060 1504 1136 1550 the
1169 1504 1305 1550 slain.

987 1611 1116 1673 capit
1150 1610 1285 1673 inpia
1319 1612 1489 1673 plebes
1699 1621 1779 1671 760

186 1689 400 1754 caespite
433 1689 639 1753 patricio
675 1706 890 1748 somnos,
929 1706 1226 1754 caesumque
1260 1691 1422 1740 cubile

185 1770 379 1833 regibus
413 1769 644 1817 infandus
680 1769 820 1818 miles
854 1770 1046 1832 premit,
1083 1771 1234 1832 inque
1268 1779 1526 1833 parentum

185 1849 335 1913 inque
369 1850 487 1899 toris
522 1851 721 1898 fratrum
756 1860 1025 1913 posuerunt
1061 1851 1282 1900 membra
1314 1861 1581 1902 nocentes:

139 1955 142 1957 >
186 1947 310 1993 quos
346 1930 497 1993 agitat
531 1947 746 1979 uaesana
780 1933 918 1994 quies
954 1930 1212 1994 somnique
1247 1933 1462 1980 furentes

185 2011 521 2060 Thessalicam
557 2011 743 2060 miseris
779 2020 975 2060 uersant
1010 2013 1060 2060 in
1095 2020 1294 2074 pectore
1328 2028 1556 2074 pugnam.
1698 2023 1775 2075 765

187 2090 407 2153 inuigilat
441 2091 629 2140 cunctis
666 2107 870 2140 saeuum
906 2094 1078 2150 scelus,
1117 2109 1349 2154 armaque
1384 2102 1489 2141 tota

187 2181 352 2221 mente
385 2172 583 2235 agitant,
622 2174 899 2234 capuloque
935 2189 1108 2220 manus
1145 2174 1350 2221 absente
1385 2184 1658 2223 mouentur.

186 2251 483 2315 ingemuisse
517 2260 688 2315 putem
724 2268 926 2314 campos
963 2262 1237 2315 terramque
1272 2263 1536 2302 nocentem

187 2331 449 2394 inspirasse
483 2332 687 2391 animas,
723 2332 1055 2395 infectumque
1089 2349 1201 2382 aera
1236 2342 1393 2382 totum

187 2412 412 2461 manibus
448 2423 496 2462 et
532 2429 759 2475 superam
795 2413 959 2476 Stygia
994 2413 1256 2462 formidine
1291 2423 1502 2463 noctem.
1697 2433 1776 2475 770

187 2491 332 2553 exigit
366 2508 396 2539 a
429 2493 616 2542 miseris
651 2492 810 2542 tristes
847 2493 1052 2542 uictoria
1086 2510 1284 2556 poenas,

187 2571 426 2634 sibilaque
461 2583 510 2622 et
545 2575 767 2622 flammas
802 2573 945 2622 infert
981 2589 1140 2636 sopor.
1213 2576 1388 2623 umbra
1422 2577 1663 2638 perempti

187 2649 308 2697 ciuis
343 2651 511 2701 adest:
559 2668 646 2699 sua
682 2667 928 2713 quemque
963 2652 1137 2714 premit
1173 2652 1365 2701 terroris
1400 2655 1592 2715 imago:

187 2729 268 2778 ille
302 2744 477 2779 senum
512 2731 690 2789 uoltus,
729 2730 962 2780 iuuenum
998 2731 1134 2780 uidet
1168 2730 1250 2780 ille
1284 2733 1456 2794 figuras
1471 2751 1486 2794 3

187 2809 319 2856 hunc
354 2808 538 2871 agitant
572 2809 687 2858 totis
722 2811 932 2877 fraterna
966 2812 1205 2860 cadauera
1240 2810 1423 2860 somnis
1438 2830 1452 2873 ;
1694 2830 1771 2874 775
