1942 3100
636 39 750 81 ΜΒ.
788 39 877 80 vn
914 27 1216 93 626—687.
1696 37 1763 92 23

160 171 217 213 ut
249 162 421 213 Latiae
454 170 569 226 post
602 178 657 212 se
691 161 828 211 uiuat
863 177 976 224 pars
1011 159 1225 209 maxima
1259 160 1448 219 turbae,

160 242 388 294 sustinuit
421 243 598 308 dignos
633 243 780 294 etiam
817 259 951 291 nunc
986 242 1186 290 credere
1219 240 1349 290 uotis

161 324 440 385 caelicolas,
473 325 730 388 noluitque
765 323 840 374 sui
876 322 1056 373 solacia
1093 339 1270 371 casus:

163 406 384 456 ‘Parcite
418 406 532 467 iam,
570 406 747 469 superi,
783 414 987 454 cunctas
1022 414 1329 467 prosternere
1364 413 1566 467 gentes:

160 496 320 537 stante
353 495 522 551 potest
555 486 746 535 mundo
783 488 1046 547 Romaque
1082 484 1342 548 superstite
1379 487 1592 548 Magnus
1679 494 1760 534 660

159 580 266 614 esse
299 565 458 615 miser.
531 566 570 613 si
605 566 747 628 plura
780 563 953 612 iuuant
987 579 1099 611 mea
1134 563 1352 622 uolnera,
1389 565 1607 612 coniunx

159 655 235 694 est
269 645 406 705 mihi,
442 654 557 695 sunt
592 644 695 693 nati
713 663 728 706 3
775 644 1005 693 dedimus
1041 653 1114 693 tot
1151 643 1356 707 pignora
1390 644 1516 694 fatis·

157 723 357 775 ciuiline
392 741 568 790 parum
603 734 679 775 est
712 726 845 774 bello
881 724 922 772 si
956 741 1136 787 meque
1171 741 1408 787 meosque

157 806 369 856 obruet?
435 806 636 870 exiguae
671 806 841 854 clades
877 821 1045 854 sumus
1082 806 1202 854 orbe
1235 807 1468 855 remoto?

156 886 325 936 omnia
359 887 480 951 quid
514 888 736 937 laceras?
780 887 900 950 quid
935 887 1140 949 perdere
1175 894 1354 934 cuncta
1388 887 1618 936 laboras?
1675 897 1754 948 665

155 966 254 1016 iam
288 967 412 1017 nihil
447 978 535 1030 est,
574 970 808 1026 Fortuna,
846 967 1045 1016 meum!
1114 966 1185 1016 sic
1219 968 1358 1027 fatur,
1401 975 1450 1016 et
1485 984 1622 1017 arma

155 1048 394 1113 signaque
428 1058 478 1099 et
511 1049 735 1098 adflictas
770 1047 908 1097 omni
944 1047 1042 1096 iam
1077 1057 1216 1110 parte
1252 1057 1476 1096 cateruas

155 1130 392 1191 circumit,
429 1140 480 1181 et
512 1140 716 1181 reuocat
750 1139 938 1178 matura
974 1129 1025 1177 in
1058 1130 1161 1178 fata
1194 1138 1393 1178 ruentes

156 1228 309 1276 seque
343 1223 491 1276 negat
525 1213 666 1262 tanti.
735 1227 831 1260 nec
866 1212 1004 1260 derat
1039 1212 1187 1259 robur
1221 1210 1272 1258 in
1307 1226 1451 1260 enses

153 1291 223 1341 ire
257 1291 374 1341 duci
407 1292 675 1357 iuguloque
710 1291 814 1355 pati
849 1292 930 1340 uel
965 1300 1165 1354 pectore
1200 1292 1385 1340 letum:
1678 1300 1759 1350 670

154 1373 243 1422 sed
276 1371 454 1433 timuit,
491 1381 643 1422 strato
678 1372 818 1421 miles
853 1388 917 1420 ne
953 1387 1158 1434 corpore
1195 1373 1369 1434 Magni

154 1469 255 1502 non
289 1445 478 1518 fugefet
513 1469 761 1518 supraque
797 1454 977 1502 ducem
1013 1455 1360 1516 procumberet
1396 1452 1558 1514 orbis;

155 1535 377 1586 Caesaris
411 1533 503 1586 aut'
529 1535 684 1586 oculis
720 1535 877 1584 uoluit
912 1535 1188 1584 subducere
1224 1544 1450 1595 mortem,

153 1613 488 1677 nequiquam:
534 1613 716 1674 infelix,
756 1630 928 1664 socero
964 1624 1186 1677 spectare
1222 1614 1413 1663 uolenti

153 1695 505 1757 praestandum
560 1705 635 1745 est
685 1694 990 1758 ubicumque
1042 1705 1222 1757 caput:
1286 1711 1375 1743 seu
1428 1704 1482 1744 tu
1536 1712 1751 1758 quoque,

285 1774 517 1836 coniunx,
1674 1785 1752 1836 675

150 1870 300 1905 causa
332 1857 476 1920 fugae
511 1858 775 1920 uoltusque
812 1856 897 1917 tui,
935 1856 1147 1920 fatisque
1181 1866 1414 1920 negatum

148 1945 199 1986 te
232 1946 492 2000 praesente
530 1937 669 1988 mori.
742 1947 848 1987 tum
887 1940 1128 2002 Magnum
1163 1937 1389 1987 concitus
1423 1939 1579 1988 aufert

147 2033 180 2066 a
210 2017 345 2066 bello
381 2018 582 2082 sonipes
617 2036 719 2069 non
755 2029 892 2083 tergo
928 2022 1026 2070 tela
1061 2030 1328 2083 pauentem

145 2095 458 2162 ingentisque
492 2099 686 2150 animos
721 2112 938 2151 extrema
972 2101 1023 2150 in
1058 2103 1156 2150 fata
1192 2102 1447 2150 ferentem.

147 2193 252 2228 non
285 2181 514 2242 gemituS,
549 2197 654 2230 non
691 2183 835 2231 fletus
870 2191 975 2231 erat
1010 2184 1245 2245 saluaque
1281 2183 1529 2231 uerendus
1671 2191 1752 2231 680

146 2258 404 2309 maiestate
439 2261 596 2320 dolor,
632 2263 829 2325 qualem
866 2272 928 2321 te,
970 2264 1168 2325 Magne,
1206 2262 1416 2310 decebat

148 2339 390 2388 Romanis
423 2350 670 2403 praestare
704 2342 859 2390 malis.
932 2358 1035 2391 non
1070 2342 1238 2404 inpare
1274 2343 1415 2391 uoltu

147 2419 325 2483 aspicis
363 2421 640 2470 Emathiam
658 2441 672 2483 3
718 2439 813 2471 nec
849 2431 897 2471 te
931 2422 1101 2471 uidere
1137 2424 1406 2485 superbum

147 2515 381 2564 prospera
415 2502 660 2551 bellorum
696 2519 789 2551 nec
823 2503 1030 2551 fractum
1065 2503 1271 2551 aduersa
1307 2503 1580 2564 uidebunt;

147 2593 395 2642 quamque
430 2580 522 2629 fuit
557 2582 689 2630 laeto
725 2597 815 2644 per
849 2591 946 2630 tres
980 2580 1134 2631 infida
1168 2580 1456 2644 triumphOS‚
1669 2591 1747 2643 685

146 2666 248 2708 tam
282 2658 463 2710 misero
500 2663 720 2711 Fortuna
754 2661 929 2710 minor.
1001 2661 1100 2710 iam
1135 2664 1359 2726 pondere
1393 2664 1479 2713 fati

145 2738 374 2803 deposito
409 2757 607 2790 securus
642 2741 782 2802 abis3
827 2757 960 2790 nunc
994 2751 1219 2806 tempora
1252 2745 1381 2792 laeta
