1942 3100
649 120 762 163 LIB.
802 120 891 162 VII
938 124 956 161 1
969 111 1230 175 38—197.
1734 117 1766 170 7

167 241 402 303 nullaque
436 238 641 288 funestis
676 237 880 288 inuenta
916 248 988 287 est
1023 239 1224 286 uictima
1260 236 1421 286 sacris.

167 332 216 371 at
251 331 320 382 tu,
358 337 484 383 quos
520 322 759 369 scelerum
796 336 1013 383 super08‚
1051 335 1172 382 quas
1207 318 1297 367 rite
1332 317 1521 366 uocasti

171 401 488 460 Eumenidas,
527 403 746 452 Caesar?
815 401 969 464 Stygii
1004 417 1132 463 quae
1167 399 1372 448 numina
1407 398 1557 462 regni,

169 482 510 545 infernumque
546 484 715 543 Nefas,
754 490 802 531 et
838 498 1025 530 mersos
1061 491 1209 531 nocte
1246 483 1493 530 Furores?
1695 498 1770 539 170

169 563 324 627 impia
357 573 460 613 tam
495 579 643 613 saeue
678 572 902 626 gesturus
938 565 1069 612 bella
1103 563 1271 622 litasti,

171 643 269 693 iam
305 643 532 708 (dubium
569 644 866 692 monstrisne
902 645 1051 692 deum
1089 643 1308 693 nimione
1343 643 1519 707 pauori

171 723 687 789 crediderint)'multis
723 740 1012 773 concurrere
1049 724 1182 774 uisus
1220 727 1438 789 Olympo

172 807 374 867 Pindus,
410 815 460 855 et
494 805 714 869 abruptis
748 805 902 868 mergi
937 807 1248 856 conuallibus
1286 809 1528 866 Haemus,

171 889 316 938 edere
350 897 616 936 nocturnas
650 886 767 935 belli
804 887 1054 936 Pharsalia
1090 905 1254 947 uoceS,
1700 904 1772 946 175

171 968 240 1019 ire
273 983 362 1032 per
397 969 637 1019 Ossaeam
671 966 874 1031 rapidus
913 969 1167 1018 Boebeida
1203 969 1401 1032 sanguis
1420 986 1435 1028 3

171 1049 324 1112 inque
358 1048 520 1099 uicem
554 1051 718 1098 uoltus
753 1049 968 1098 tenebris
1005 1049 1240 1099 mirantur
1276 1060 1474 1114 opertos

172 1139 222 1180 et
257 1131 440 1193 pallere
476 1129 609 1179 diem
643 1130 896 1193 galeisque
931 1130 1215 1180 incumbere
1250 1141 1465 1191 noctem,

173 1211 534 1274 defunctosque
569 1212 754 1260 ululare
788 1221 951 1275 patres
987 1221 1036 1261 et
1071 1211 1323 1275 sanguinis
1359 1213 1558 1260 umbras

173 1300 288 1340 ante
323 1293 495 1341 oculos
529 1291 736 1342 uolitare
771 1309 902 1342 suos,
964 1293 1279 1342 dementibus
1316 1309 1468 1341 unum
1704 1300 1778 1340 180

172 1374 271 1423 hoc
305 1374 527 1422 solamen
562 1383 666 1422 erat
701 1376 837 1436 quod
874 1373 979 1422 uoti
1015 1375 1159 1422 turba
1194 1373 1395 1423 nefandi

173 1453 388 1514 conscia,
423 1470 552 1518 quae
586 1464 781 1518 patrum
817 1454 1024 1518 iugulos,
1063 1471 1188 1517 quae
1223 1464 1426 1518 pectora
1460 1457 1661 1503 fratrum

174 1537 419 1598 sperabat,
455 1537 639 1600 gaudet
673 1536 905 1585 monstris
940 1536 1219 1599 mentisque
1257 1539 1483 1596 tumultu,

173 1626 326 1681 atque
360 1633 508 1667 omen
543 1618 783 1667 scelerum
820 1617 1010 1666 subitos
1046 1627 1188 1681 putat
1224 1633 1332 1667 esse
1367 1619 1565 1667 furores.

303 1754 382 1817 Of
404 1754 482 1802 the
504 1760 649 1816 great
679 1755 865 1816 conflict
894 1761 940 1802 to
975 1755 1052 1802 tlte
1086 1761 1184 1802 rest
1215 1755 1277 1816 os
1298 1755 1375 1802 tlze
1410 1756 1577 1803 world.

244 1855 381 1919 Quid
415 1857 592 1906 mirum
627 1859 854 1920 populos,
893 1873 1020 1919 quos
1056 1859 1140 1905 lux
1174 1868 1390 1907 extrema
1426 1860 1672 1917 manebat,
1706 1866 1779 1917 185

176 1939 434 2002 lymphato
470 1937 740 2002 trepidasse
776 1947 927 1998 metu,
966 1955 1203 2002 praesaga
1238 1941 1478 1987 malorum

177 2020 219 2070 si
253 2020 371 2068 data
405 2035 545 2068 mens
579 2019 772 2067 homini
808 2023 918 2069 est?
987 2019 1146 2082 Tyriis
1182 2020 1266 2082 qui
1302 2020 1528 2069 Gadibus
1564 2021 1745 2083 hospes

177 2099 371 2151 adiacet
405 2100 796 2163 Armeniumque
831 2101 956 2150 bibit
993 2103 1253 2150 Romanus
1289 2104 1499 2160 Araxen,

178 2182 271 2230 sub
307 2197 623 2244 quocumque
658 2182 755 2242 die,
793 2198 1110 2244 quocumque
1146 2193 1221 2232 est
1256 2183 1418 2232 sidere
1453 2183 1641 2242 mundi,

180 2272 367 2311 maeret
400 2271 451 2312 et
485 2263 677 2325 ignorat
710 2279 882 2311 causas
917 2262 1236 2326 animumque
1272 2265 1528 2312 dolentem
1707 2282 1782 2321 190

179 2341 392 2404 corripit,
433 2343 673 2391 Emathiis
710 2343 829 2405 quid
864 2344 1038 2405 perdat
1074 2344 1270 2391 nescius
1306 2344 1446 2391 aruis.

182 2423 438 2484 Eugane0‚
476 2421 518 2471 si
551 2439 668 2471 uera
702 2424 825 2472 fides
861 2424 1263 2482 memorantibus,
1301 2440 1454 2485 augur

181 2504 309 2552 colle
345 2504 538 2562 sedens,
574 2505 785 2566 Aponus
818 2504 956 2552 terris
992 2503 1077 2552 ubi
1112 2503 1306 2552 fumifer
1342 2503 1438 2552 exit

182 2592 331 2646 atque
366 2583 638 2632 Antenorei
674 2583 969 2647 dispergitur
1003 2584 1138 2632 unda
1173 2583 1386 2644 Timaui,

185 2665 366 2714 ‘Venit
401 2681 595 2714 summa
629 2665 748 2723 dies,
785 2664 966 2728 geritur
999 2681 1075 2714 res
1111 2664 1381 2726 maxima3'
1428 2666 1550 2715 dixit
1708 2684 1781 2727 195

186 2744 348 2808 ‘inpia
383 2755 682 2795 concurrunt
718 2745 926 2807 Pompei
961 2755 1011 2794 et
1047 2747 1271 2796 Caesaris
1307 2747 1492 2795 arma':

186 2842 273 2876 seu
309 2827 517 2877 tonitrus
551 2843 610 2876 ac
646 2828 745 2877 tela
780 2826 917 2876 Iouis
951 2843 1188 2891 praesaga
1221 2827 1427 2887 notauit,
