1942 3100
189 143 256 182 20
602 142 829 183 LVCANI
868 143 950 183 DE
989 142 1185 185 BELLO
1222 144 1412 184 CIVILI

248 263 474 312 Bistonas
510 272 595 312 aut
631 266 834 313 Mauors
870 263 1060 327 agitans
1096 264 1136 312 si
1170 266 1372 315 uerbere
1407 281 1558 315 saeuo
1698 327 1704 330 ἱ

247 343 467 392 Palladia
502 343 720 393 stimulet
755 346 976 393 turbatos
1013 344 1187 408 aegide
1221 362 1403 406 currus,
1761 362 1842 407 570

244 439 346 471 nox
379 423 551 486 ingens
586 425 826 472 scelerum
863 432 965 484 est3
1012 425 1189 473 caedes
1226 424 1464 485 oriuntur,
1500 434 1550 476 et
1584 426 1736 476 instar

244 502 515 552 immensae
550 503 687 552 uocis
721 502 948 566 gemituS,
985 514 1034 553 et
1069 505 1290 567 pondere
1326 505 1452 568 lapsi

244 582 455 646 pectoris
490 600 622 632 arma
656 593 834 633 sonant
867 585 1201 648 confractique
1239 586 1438 636 ensibus
1474 602 1630 636 enses.

244 660 351 723 ipse
385 678 534 710 manu
569 661 746 710 subicit
779 661 968 725 gladios
1004 679 1063 711 ac
1097 665 1195 712 tela
1230 663 1486 724 ministrat,

242 743 575 804 aduersosque
607 740 746 790 iubet
778 742 905 790 ferro
940 744 1240 793 confundere
1275 745 1452 793 uoltus,
1758 759 1836 805 575

242 828 501 883 promouet
534 819 640 882 ipse
674 819 804 870 acies
822 837 837 880 3
883 820 1075 884 inpellit
1110 831 1245 886 terga
1280 839 1511 872 suorum:

243 901 445 949 uerbere
480 916 749 949 conuersae
784 901 1022 950 cessantis
1057 903 1234 951 excitat
1268 903 1453 951 hastae.

241 982 293 1030 in
328 983 524 1045 plebem
561 990 696 1030 uetat
730 981 799 1031 ire
834 999 1010 1031 manus
1046 991 1385 1046 monstratque
1420 992 1660 1034 senatum.

243 1061 348 1121 scit,
385 1077 527 1109 cruor
560 1059 752 1123 imperii
787 1060 871 1124 qui
906 1061 980 1121 sit,
1019 1079 1147 1125 quae
1181 1062 1370 1111 uiscera
1402 1079 1577 1124 rerum,

241 1143 375 1191 unde
408 1150 544 1205 petat
579 1143 809 1201 Romam,
848 1143 1046 1192 libertas
1083 1143 1256 1192 ultima
1290 1143 1464 1192 mundi
1757 1152 1837 1205 580

242 1238 342 1285 quo
378 1221 564 1271 steterit
599 1222 817 1272 ferienda
851 1225 976 1273 loco.
1049 1224 1292 1288 permixta
1326 1224 1546 1274 secundo

241 1302 413 1352 ordine
448 1302 681 1352 nobilitas
716 1306 1099 1368 uenerandaque
1135 1321 1341 1368 corpora
1374 1307 1501 1354 ferro

241 1391 521 1445 urguentur.
594 1385 808 1433 caedunt
844 1385 1062 1447 Lepidos
1098 1387 1410 1448 caeduntque
1446 1386 1679 1435 Metellos

240 1463 583 1526 Coruinosque
619 1464 764 1513 simul
799 1467 1151 1527 Torquataque
1187 1465 1404 1526 nomina,
1440 1481 1609 1528 regum

239 1560 385 1607 saepe
420 1545 571 1594 duces
608 1560 924 1608 summosque
959 1546 1215 1594 hominum
1251 1555 1314 1606 te,
1354 1549 1552 1610 Magne,
1591 1556 1795 1597 remot0.

604 1740 798 1787 Brutus
830 1741 952 1789 seeks
985 1747 1032 1789 to
1067 1741 1164 1789 kill
1199 1742 1391 1790 Caesar.

305 1874 413 1923 Illic
447 1874 642 1936 plebeia
676 1884 934 1925 contectus
969 1876 1162 1926 casside
1196 1878 1360 1926 uoltus
1751 1887 1830 1940 586

236 1953 529 2017 ignotusque
563 1953 694 2003 hosti
728 1955 848 2017 quid
882 1957 1073 2015 ferrum,
1114 1958 1275 2013 Brute,
1313 1958 1555 2008 tenebas?

237 2049 268 2081 o
302 2034 453 2080 decus
488 2032 695 2095 imperii,
731 2050 844 2096 spes
879 2050 910 2083 o
945 2052 1175 2098 suprema
1211 2046 1424 2096 senatus,

237 2122 509 2162 extremum
545 2113 668 2162 tanti
702 2114 892 2176 generis
928 2132 1015 2178 per
1049 2117 1242 2164 saecula
1277 2132 1475 2177 nomen,

237 2209 300 2243 ne
334 2210 420 2241 rue
455 2209 544 2255 per
578 2194 770 2242 medios
807 2195 1012 2242 nimium
1049 2196 1331 2244 temerarius
1366 2197 1548 2258 hosteS,
1748 2215 1828 2260 590

235 2291 328 2323 nec
363 2274 452 2322 tibi
487 2274 656 2323 fatales
692 2275 970 2324 admoueris
1007 2284 1122 2325 ante
1159 2276 1430 2338 Philippos,

235 2355 493 2404 Thessalia
526 2354 739 2417 periture
774 2364 873 2405 tua.
944 2355 1013 2403 nil
1048 2355 1242 2418 proficis
1277 2355 1387 2404 istic

235 2434 458 2485 Caesaris
491 2434 706 2484 intentus
741 2435 939 2498 iugulo:
987 2436 1211 2485 nondum
1247 2435 1404 2499 attigit
1438 2453 1602 2487 arcem

233 2514 348 2563 iuris
383 2523 433 2564 et
466 2516 735 2563 humanum
771 2517 1016 2575 columen,
1053 2531 1155 2577 quo
1189 2524 1369 2565 cuncta
1402 2526 1702 2579 premuntur,

233 2610 452 2658 egressus
487 2597 663 2644 meruit
697 2594 805 2644 fatis
842 2605 943 2644 tam
981 2594 1149 2644 nobile
1183 2597 1349 2644 letum.
1741 2613 1819 2658 595

235 2674 370 2723 uiuat
404 2681 466 2731 et,
503 2680 557 2722 ut
593 2672 731 2722 Bruti
765 2675 1057 2736 procumbat
1091 2673 1305 2735 uictima,
1341 2683 1521 2738 regnet.
