1942 3100
163 86 229 125 22
581 82 811 123 LVCANI
850 81 932 122 DE
971 81 1167 122 BELLO
1205 80 1395 122 CIVILI

231 203 382 264 inque
414 200 568 250 hostis
603 201 749 249 cadat
783 217 918 249 arma
953 200 1028 248 sui
1043 218 1059 261 3
1105 199 1213 262 quis
1247 208 1448 263 pectora
1481 198 1638 248 fratris

229 282 404 331 caedat
439 289 503 341 et,
540 290 595 330 ut
630 290 803 329 notum
840 279 997 343 possit
1031 279 1242 342 spoliare
1276 282 1501 340 cadauer,

228 361 473 411 abscisum
508 362 656 424 longe
691 360 854 410 mittat
889 369 1074 423 caput3
1121 377 1207 410 ora
1240 360 1457 423 parentis

230 441 337 505 quis
371 442 552 490 laceret
587 439 835 504 nimiaque
870 443 1048 504 probet
1083 440 1420 503 spectantibus
1455 440 1540 500 ira,

230 537 380 585 quem
414 521 614 584 iugulat,
651 538 752 570 non
785 538 891 570 esse
922 531 1125 584 patrem.
1176 537 1308 569 mors
1337 522 1472 569 nulla
1504 519 1721 583 querella
1741 527 1824 580 630

231 602 380 665 digna
414 617 502 649 sua
536 610 623 662 est,
660 603 925 664 nullosque
959 602 1218 651 hominum
1253 603 1419 665 lugere
1453 617 1702 651 uacamus.

231 699 332 731 non
365 680 481 731 istas
517 682 691 731 habuit
726 698 922 745 pugnae
960 683 1209 732 Pharsalia
1242 693 1421 746 partes,

233 779 353 825 quas
388 762 512 811 aliae
547 763 743 812 clades:
788 762 887 811 illic
921 779 1008 825 per
1041 765 1142 811 fata
1175 763 1407 823 uirorum,

233 859 321 905 per
354 845 568 906 populos
603 843 685 891 hic
721 845 886 892 Roma
919 843 1074 906 perit:
1121 860 1247 906 quae
1281 844 1448 893 militis
1483 843 1596 904 illic,

234 940 364 973 mors
399 924 479 973 hic
513 925 671 988 gentis
706 933 839 986 erat3
885 925 1080 988 sanguis
1115 925 1185 974 ibi
1220 924 1357 974 fluxit
1391 925 1635 984 Achaeus,
1736 932 1819 986 635
1875 971 1878 973 ,

235 1004 483 1066 PonticuS,
520 1005 743 1069 Assyrius
758 1024 773 1067 3
821 1015 1026 1055 cunctos
1061 1007 1260 1055 haerere
1296 1021 1491 1054 cruores

235 1088 494 1134 Romanus
528 1085 814 1148 campisque
847 1095 983 1135 uetat
1018 1086 1286 1135 consistere
1321 1087 1523 1136 torrens.

235 1166 391 1215 maius
425 1167 488 1215 ab
522 1167 616 1214 hac
650 1166 769 1226 acie,
807 1183 957 1229 quam
993 1169 1129 1230 quod
1165 1183 1253 1216 sua
1287 1169 1481 1216 saecula
1514 1169 1705 1226 ferrent,

235 1246 410 1294 uolnus
446 1246 632 1294 habent
666 1245 839 1308 populi
855 1262 870 1306 ς
914 1247 1026 1309 plus
1060 1256 1135 1296 est
1169 1263 1320 1309 quam
1355 1247 1459 1296 uita
1492 1248 1720 1309 salusque

236 1327 372 1388 quod
406 1324 561 1388 perit3
606 1324 658 1373 in
694 1334 852 1374 totum
888 1325 1060 1374 mundi
1094 1326 1443 1389 prosternimur
1475 1343 1686 1375 aeuum:
1745 1334 1827 1384 640

236 1405 446 1454 uincitur
479 1405 555 1453 his
590 1404 764 1467 gladiis
801 1404 961 1453 omnis
997 1422 1126 1468 quae
1161 1407 1341 1455 seruiet
1374 1415 1520 1455 aetas.

239 1484 459 1547 proxima
493 1484 614 1547 quid
650 1486 846 1533 suboles
882 1494 964 1533 aut
1001 1485 1122 1547 quid
1158 1501 1378 1535 meruere
1411 1478 1618 1548 nepotes

237 1567 288 1614 in
322 1582 525 1629 regnum
559 1565 732 1614 nasci?
798 1565 979 1628 pauide
1013 1582 1133 1613 num
1167 1565 1406 1629 gessimus
1441 1582 1590 1627 arma,

238 1645 442 1695 teximus
477 1654 561 1694 aut
596 1645 825 1708 iugulos?
893 1644 1041 1694 alieni
1075 1661 1238 1708 poena
1271 1644 1459 1694 timoris

239 1725 289 1773 in
323 1735 490 1774 nostra
524 1725 716 1774 ceruice
752 1726 904 1775 sedet.
977 1734 1090 1788 post
1125 1725 1314 1788 proelia
1346 1724 1474 1773 natis
1747 1732 1826 1784 645

239 1805 280 1854 si
314 1805 588 1867 dominum,
625 1807 856 1864 Fortuna,
894 1806 1062 1865 dabas,
1100 1814 1150 1854 et
1184 1807 1314 1853 bella
1349 1804 1612 1854 dedisses.‘

284 1944 486 2004 Pompqy
519 1959 612 1990 sees
646 1943 757 1990 tlzat
787 1944 863 1990 all
892 1944 935 1990 is
968 1959 1076 1991 over
1109 1945 1213 1990 and
1242 1944 1409 1990 retz‘res
1431 1924 1710 1991 undaunted

789 2020 928 2081 from
963 2022 1042 2068 tlte
1055 2022 1192 2082 field.

308 2129 416 2176 Iam
454 2130 665 2191 Magnus
699 2127 928 2178 transisse
963 2129 1085 2178 deos
1121 2132 1448 2193 Romanaque
1481 2131 1580 2180 fata

241 2218 458 2259 senserat
490 2209 669 2268 infelix,
707 2218 811 2258 tota
845 2211 927 2257 uix
960 2210 1102 2258 clade
1136 2211 1336 2259 coactus

239 2291 484 2338 fortunam
520 2291 754 2339 damnare
789 2306 940 2337 suam.
1011 2289 1144 2339 stetit
1177 2306 1351 2352 aggere
1386 2290 1550 2353 campi

241 2369 445 2428 eminus,
482 2370 614 2418 unde
649 2368 810 2418 omnis
846 2385 1036 2431 sparsas
1069 2385 1157 2432 per
1190 2371 1430 2419 Thessala
1462 2386 1573 2418 rura
1747 2377 1829 2430 ⁶50

241 2451 517 2512 adspiceret
551 2450 718 2499 clades
755 2466 881 2512 quae
915 2451 1046 2499 bello
1082 2451 1309 2500 obstante
1342 2453 1576 2500 latebant.

243 2538 315 2578 tot
350 2529 458 2578 telis
492 2546 582 2578 sua
616 2531 713 2578 fata
749 2529 867 2593 peti,
903 2538 979 2578 tot
1012 2546 1218 2592 corpora
1251 2531 1372 2590 fusa,

243 2624 302 2657 ac
337 2624 390 2658 se
423 2617 524 2659 tam
559 2610 716 2658 multo
750 2618 1036 2671 pereuntem
1073 2609 1308 2671 sanguine
1342 2608 1479 2658 uidit.

244 2705 352 2748 nee,
389 2690 515 2737 sicut
549 2704 657 2738 mos
693 2698 767 2737 est
802 2688 1002 2749 miseriS,
1037 2690 1227 2738 trahere
1261 2689 1429 2738 omnia
1461 2704 1628 2737 secum

243 2784 402 2816 mersa
434 2767 569 2816 iuuat
602 2777 871 2831 gentesque
906 2785 1024 2819 suae
1059 2769 1263 2819 miscere
1299 2769 1498 2818 ruinae:
1746 2775 1826 2829 655
