1942 3100
493 756 569 844 M.
621 790 939 843 ANNAEI
994 789 1296 843 LVCANI

263 940 443 1019 DE
533 941 983 1018 BELLO
1080 941 1532 1018 CIVILI

598 1111 799 1154 LIBER
850 1110 1196 1154 SEPTIMVS.

337 1394 437 1442 JJze
466 1409 556 1442 sun
592 1395 634 1442 is
666 1395 764 1443 loth
799 1401 845 1443 to
879 1398 974 1443 rise
1009 1403 1131 1457 upon
1167 1396 1449 1443 Pharsalia.

129 1505 333 1570 Segnior
366 1508 571 1557 Oceano
607 1524 756 1570 quam
793 1510 873 1558 lex
907 1520 1107 1558 aeterna
1142 1510 1353 1559 uocabat

129 1587 372 1636 luctificus
405 1588 554 1636 Titan
589 1604 863 1651 numquam
900 1591 1054 1652 magis
1090 1592 1287 1639 aethera
1322 1600 1494 1639 contra

128 1668 227 1732 egit
260 1684 416 1732 equos
451 1685 747 1732 cursumque
783 1671 900 1733 polo
936 1670 1155 1734 rapiente
1191 1671 1382 1719 retorsit
1400 1690 1414 1731 3

129 1751 452 1812 defectusque
487 1750 590 1813 pati
619 1743 781 1799 ⁴uoluit
816 1760 1083 1814 raptaeque
1118 1753 1311 1801 labores

129 1830 268 1890 lucis,
305 1839 356 1881 et
389 1829 585 1879 attraxit
621 1832 793 1890 nubes,
832 1847 934 1880 non
969 1832 1152 1894 pabula
1186 1832 1408 1892 flammis,

129 1913 218 1962 sed
252 1928 316 1961 ne
351 1911 640 1977 Thessalico
674 1929 822 1976 purus
859 1914 1044 1961 luceret
1079 1912 1131 1960 in
1168 1915 1299 1962 orbe.

373 2062 618 2125 Pompey's
650 2065 826 2111 dream.
899 2063 1177 2125 Reflections
1212 2072 1336 2125 upon
1373 2064 1421 2111 it.

193 2180 261 2226 At
294 2192 408 2236 nox,
445 2177 599 2226 felicis
636 2181 826 2242 Magno
861 2195 974 2242 pars
1011 2178 1185 2227 ultima
1220 2178 1366 2238 uitae,

127 2257 361 2308 sollicitos
397 2273 528 2306 uana
561 2259 759 2322 decepit
794 2258 1008 2323 imagine
1044 2275 1260 2308 somnos.

128 2355 244 2388 nam
279 2338 571 2401 Pompeiani
606 2339 739 2389 uisus
775 2340 867 2389 sibi
905 2341 1024 2389 sede
1059 2339 1234 2388 theatri

127 2419 431 2468 innumeram
469 2419 678 2483 effigiem
715 2423 975 2469 Romanae
1009 2436 1208 2469 cernere
1242 2419 1413 2483 plebis,

127 2499 397 2563 adtollique
433 2516 577 2548 suum
612 2500 753 2549 laetis
788 2501 852 2549 ad
888 2500 1049 2549 sidera
1083 2516 1267 2550 nomen

127 2580 349 2640 uocibus,
388 2589 437 2629 et
471 2581 644 2642 plausu
681 2597 866 2630 cuneos
902 2590 1087 2630 certare
1123 2591 1389 2630 sonantes:

127 2660 285 2725 qualis
321 2669 423 2709 erat
456 2661 631 2724 populi
667 2661 816 2710 facies
852 2663 1135 2723 clamorque
1171 2662 1396 2722 fauentiS,

127 2741 247 2792 olim
284 2757 396 2790 cum
434 2741 627 2791 iuuenis
663 2741 908 2805 primique
942 2751 1103 2791 aetate
1138 2742 1385 2807 triumphi,

127 2831 242 2885 post
276 2821 488 2871 domitas
522 2831 693 2885 gentes
728 2839 851 2885 quas
887 2833 1076 2872 torrens
1110 2823 1265 2873 ambit
1303 2825 1535 2882 Hiberu3‚

196 2930 239 2963 P.
267 2928 310 2962 L.

1682 2442 1728 2471 10
