1942 3100
157 169 218 206 12
567 162 797 203 LVCANI
837 162 918 202 DE
958 162 1154 202 BELLO
1192 161 1379 202 CIVILI

216 280 369 345 ignoti
402 281 618 345 iugulum
655 292 908 345 tamquam
946 283 1103 331 scelus
1138 280 1331 343 inputet
1366 280 1533 329 hostis.
1725 299 1802 343 325

218 362 415 412 sternite
449 363 547 411 iam
583 365 766 411 uallum
801 365 1054 424 fossasque
1089 361 1273 423 inplete
1307 361 1461 421 ruina,

218 453 360 492 exeat
393 451 447 492 ut
480 443 637 505 plenis
673 442 802 491 acies
838 458 940 490 non
975 458 1142 504 sparsa
1177 441 1407 503 maniplis
1423 457 1438 500 ;

217 526 400 587 parcite
434 540 498 573 ne
533 523 731 573 castris:
776 524 908 570 uallo
943 522 1156 572 tendetis
1192 522 1242 571 in
1276 521 1360 570 illo

219 606 350 654 unde
385 605 514 653 acies
548 603 762 667 peritura
797 603 962 652 uenit.'

566 741 665 789 lee
706 740 993 789 Caesarians
1028 744 1144 802 ruslz
1180 749 1225 790 to
1259 759 1402 790 arms.

988 842 1072 892 uix
1107 851 1285 892 cuncta
1319 845 1485 893 locuto

222 925 432 975 Caesare
468 939 715 989 quemque
751 938 893 970 suum
930 939 1107 970 munus
1144 921 1304 982 trahit,
1342 939 1574 985 armaque
1609 923 1783 989 raptim

222 1012 418 1065 sumpta
453 1004 701 1064 Ceresque
737 1002 861 1050 uiris.
935 1001 1133 1063 capiunt
1169 1002 1419 1065 praesagia
1456 1003 1571 1052 belli
1729 1022 1803 1064 331

222 1084 515 1146 calcatisque
549 1092 694 1132 ruunt
729 1081 897 1131 castris
915 1101 928 1142 3
975 1091 1104 1131 stant
1140 1083 1311 1131 ordine
1346 1085 1494 1143 nullo,

222 1173 324 1213 arte
358 1163 497 1211 ducis
531 1165 665 1211 nulla
681 1181 695 1223 3
744 1162 1031 1225 permittunt
1067 1161 1234 1210 omnia
1268 1162 1390 1211 fatis.

223 1243 263 1290 si
298 1242 504 1291 totidem
541 1241 712 1305 Magni
749 1258 945 1291 soceros
981 1241 1285 1303 totidemque
1321 1251 1544 1304 petentes

222 1321 354 1370 urbis
386 1338 535 1384 regna
569 1338 685 1370 suae
718 1323 913 1370 funesto
949 1321 1000 1369 in
1037 1323 1198 1369 Marte
1235 1323 1460 1381 locasses,
1734 1337 1810 1381 335

223 1417 325 1449 non
359 1411 460 1449 tam
496 1400 749 1463 praecipiti
785 1408 978 1449 ruerent
1014 1399 1064 1446 in
1098 1400 1283 1463 proelia
1317 1417 1472 1449 cursu.

423 1537 663 1597 Pompqy's
680 1536 884 1597 fielz'ngs
918 1535 1024 1582 and
1050 1536 1203 1596 speeclc
1239 1541 1284 1582 to
1317 1535 1394 1582 lzis
1428 1550 1540 1582 men.

291 1638 431 1687 Vidit
463 1647 517 1687 ut
551 1639 752 1687 hostiles
786 1637 838 1686 in
871 1646 1059 1686 rectum
1096 1635 1224 1684 exire
1261 1646 1479 1685 cateruas

227 1718 489 1781 Pompeius
523 1719 779 1780 nullasque
813 1733 974 1766 moras
1010 1716 1291 1778 permittere
1325 1717 1470 1774 bello,

226 1798 315 1846 sed
349 1797 534 1860 superis
569 1797 807 1859 placuisse
843 1796 988 1854 diem,
1028 1804 1124 1844 stat
1158 1796 1306 1845 corde
1339 1797 1502 1857 gelato

226 1879 477 1935 attonitus,
513 1886 749 1938 tantoque
786 1876 898 1924 duci
935 1875 1005 1923 sic
1040 1891 1174 1923 arma
1209 1875 1379 1924 timere
1736 1893 1814 1934 340

228 1973 375 2005 omen
410 1965 522 2006 erat.
602 1955 779 2017 premit
815 1955 933 2003 inde
967 1965 1126 2003 metus
1164 1964 1420 2016 totumque
1454 1969 1540 2015 per
1573 1969 1748 2017 agmen

228 2037 422 2086 sublimi
458 2045 745 2098 praeuectus
780 2052 911 2097 equo
950 2036 1142 2096 ‘Quem
1177 2035 1386 2098 flagitat'
1421 2034 1580 2098 inquit

230 2121 420 2166 ‘uestra
453 2117 584 2164 diem
622 2116 785 2174 uirtus,
822 2115 932 2163 finis
967 2113 1191 2163 ciuilibus
1226 2113 1370 2163 armis

229 2212 376 2258 quem
412 2195 680 2258 quaesistis,
717 2195 871 2243 adest.
944 2202 1071 2242 totas
1108 2192 1344 2241 effundite
1379 2192 1504 2241 uires
1522 2208 1536 2251 3

230 2288 497 2326 extremum
531 2275 639 2324 ferri
675 2283 896 2337 superest
932 2290 1071 2336 opus,
1110 2290 1306 2337 unaque
1340 2274 1501 2337 gentis
1737 2290 1814 2334 345

152 2389 157 2392 -
231 2360 351 2406 hora
386 2356 540 2406 trahit.
613 2354 831 2418 quisquis
867 2354 1075 2416 patriam
1111 2370 1348 2415 carosque
1382 2362 1600 2417 penates,

232 2437 317 2499 qui
352 2438 573 2484 subolem
609 2451 667 2482 ac
702 2436 942 2482 thalamos
977 2434 1266 2494 desertaque
1308 2432 1511 2495 pignora
1547 2432 1745 2495 quaerit,

233 2533 351 2565 ense
386 2525 550 2577 petat:
597 2514 762 2562 medio
799 2512 961 2575 posuit
997 2513 1117 2561 deus
1155 2512 1321 2561 onmia
1355 2529 1547 2575 campo.

234 2612 380 2644 causa
412 2595 547 2643 iubet
583 2594 753 2642 melior
788 2609 988 2655 superos
1025 2609 1216 2654 sperare
1252 2593 1508 2641 secundos.

234 2674 327 2737 ipsi
361 2677 458 2722 tela
490 2683 659 2735 regent
692 2689 779 2734 per
813 2672 1001 2721 uiscera
1037 2671 1274 2730 Caesaris,
1311 2670 1403 2732 ipsi
1738 2686 1817 2728 350

236 2756 488 2801 Romanas
524 2753 709 2799 sancire
743 2753 913 2798 uolent
947 2752 1043 2798 hoc
1079 2749 1314 2811 sanguine
1347 2751 1491 2811 leges.

237 2833 277 2881 si
312 2848 481 2880 socero
516 2832 631 2879 dare
664 2845 813 2892 regna
847 2845 960 2877 meo
995 2829 1333 2889 mundumque
1367 2834 1604 2889 pararent,
