1942 3100
579 137 694 180 LIB.
732 137 822 178 V11
858 127 1159 191 448—501.
1645 135 1706 187 17

104 257 251 309 elisus
285 255 417 307 lituis
452 265 795 320 conceptaque
830 255 1035 305 classica
1069 271 1238 313 cornu,

101 348 223 388 tunc
257 353 405 388 ausae
440 337 558 386 dare
594 336 733 400 signa
767 338 931 396 tubae,
969 346 1086 386 tunc
1122 337 1322 385 aethera
1355 333 1516 384 tendit

104 419 405 483 extremique
439 419 598 482 fragor
631 434 857 467 conuexa
890 416 1125 479 inrumpit
1161 415 1378 480 Olympi,

102 499 238 548 unde
271 498 446 561 procul
481 500 654 557 nubeS,
692 512 793 559 quo
829 497 965 544 nulla
999 496 1218 544 tonitrua
1253 496 1447 544 durant.

104 577 299 643 excepit
333 577 523 627 resonis
558 579 823 626 clamorem
858 576 1070 625 uallibus
1108 579 1350 638 HaemuS‚
1623 584 1704 636 480

105 657 413 721 Peliacisque
449 658 587 707 dedit
622 674 786 706 rursus
821 657 1072 720 geminare
1108 658 1330 707 cauernis
1347 675 1362 719 3

102 739 290 789 Pindus
323 738 424 802 agit
458 738 695 800 fremitus,
735 740 1063 802 Pangaeaque
1099 755 1216 787 saxa
1249 741 1498 800 resultant,

101 822 421 883 Oetaeaeque
455 829 660 884 gemunt
694 836 841 883 rupes
859 836 873 880 3
918 835 1168 882 uocesque
1202 820 1376 869 furoris

99 916 345 964 expauere
381 900 458 950 sui
493 909 599 950 tota
633 893 808 950 tellure
843 901 1036 950 relataS.

99 981 338 1046 spargitur
371 981 685 1031 innumerum
722 981 929 1031 diuersis
965 981 1148 1032 missile
1184 982 1345 1032 uotis:
1624 992 1700 1044 485

99 1064 304 1125 uolnera
337 1079 450 1126 pars
487 1072 643 1126 optat,
681 1079 794 1126 pars
830 1071 985 1112 terrae
1019 1064 1167 1126 figere
1202 1065 1299 1113 tela
1638 1076 1641 1077 ’

99 1159 160 1192 ac
193 1159 341 1208 puras
376 1159 572 1194 seruare
606 1159 795 1193 manus.
869 1144 996 1207 rapit
1032 1144 1202 1193 omnia
1237 1160 1395 1204 casus,

99 1235 252 1290 atque
285 1227 474 1275 incerta
508 1225 625 1275 facit
660 1241 786 1287 quos
821 1227 928 1274 uolt
964 1227 1182 1274 Fortuna
1216 1236 1469 1276 nocentes,
1622 1235 1702 1285 488

97 1314 216 1355 tunc
251 1314 300 1356 et
337 1305 521 1356 Ituraei
560 1306 800 1369 Medique
834 1307 1126 1368 Arabesque
1157 1306 1320 1367 soluti,
1626 1327 1703 1368 514

97 1403 214 1436 arcu
249 1388 395 1437 turba
428 1387 610 1446 minax,
647 1403 895 1450 nusquam
930 1403 1095 1436 rexere
1131 1389 1331 1450 sagittas
1346 1407 1360 1450 3
1627 1406 1701 1449 515

97 1469 188 1518 sed
221 1467 403 1532 petitur
437 1470 572 1517 solus
606 1467 693 1531 qui
729 1468 918 1531 campis
954 1468 1162 1518 inminet
1197 1485 1309 1531 aer3

42 1602 48 1612 ,
97 1550 216 1600 inde
251 1552 437 1600 cadunt
473 1559 658 1600 mortes
674 1567 690 1610 3
737 1549 934 1599 sceleris
971 1551 1059 1598 sed
1094 1550 1300 1599 crimine
1335 1552 1472 1600 nullo

100 1640 355 1681 externum
389 1631 643 1680 maculant
676 1631 968 1694 chalybem:
1017 1631 1151 1680 stetit
1187 1647 1335 1680 omne
1372 1641 1599 1680 coactum

97 1713 228 1763 circa
260 1712 364 1777 pila
397 1713 551 1762 nefas.
612 1713 740 1762 ferro
777 1711 1052 1761 subtexitur
1085 1713 1267 1772 aether,

97 1810 296 1858 noxque
331 1809 478 1856 super
512 1808 716 1855 campos
752 1792 862 1841 telis
897 1801 1124 1842 conserta
1157 1793 1410 1856 pependit.
1626 1812 1703 1854 520

98 1875 187 1926 sed
224 1884 378 1939 quota
410 1889 524 1937 pars
559 1872 714 1922 cladis
749 1872 918 1922 iaculis
953 1875 1180 1936 ferroque
1214 1874 1405 1924 uolanti
1622 1883 1701 1934 489

99 1966 271 2007 exacta
305 1957 415 2006 est?
486 1954 616 2005 odiis
650 1955 785 2003 solus
820 1953 1047 2003 ciuilibus
1082 1954 1213 2004 ensis

99 2037 278 2087 sufficit
311 2046 363 2088 et
398 2038 593 2087 dextras
630 2038 863 2084 Romana
896 2034 946 2083 in
982 2035 1171 2085 uiscera
1206 2035 1355 2086 ducit.

100 2117 311 2182 Pompei
345 2117 511 2167 densis
547 2114 677 2166 acies
713 2115 895 2180 stipata
930 2116 1141 2166 cateruis

98 2199 322 2250 iunxerat
357 2198 409 2248 in
446 2198 623 2249 seriem
659 2198 795 2248 nexis
831 2198 1134 2247 umbonibus
1170 2215 1317 2257 arma,

97 2282 281 2344 uixque
315 2279 544 2329 habitura
578 2280 743 2328 locum
780 2281 978 2329 dextras
1013 2295 1072 2327 ac
1108 2281 1207 2328 tela
1240 2277 1478 2327 mouendi

99 2362 388 2410 constiterat
422 2360 713 2423 gladiosque
749 2375 863 2408 suos
898 2376 1182 2422 compressa
1216 2359 1437 2408 timebat.
1621 2376 1698 2420 495

100 2439 356 2504 praecipiti
391 2455 534 2487 cursu
570 2454 842 2487 uaesanum
878 2439 1103 2488 Caesaris
1139 2455 1318 2502 agmen

98 2520 152 2570 in
186 2521 370 2570 densos
405 2521 562 2582 agitur
596 2535 782 2568 cuneos
817 2535 1005 2582 perque
1040 2536 1188 2579 arma,
1227 2536 1315 2583 per
1349 2521 1543 2569 hostem

99 2604 290 2665 quaerit
323 2601 427 2651 iter.
500 2617 599 2664 qua
634 2609 762 2650 torta
796 2617 969 2664 graues
1006 2600 1159 2649 lorica
1193 2611 1392 2651 catenas

100 2683 312 2748 opponit
349 2692 556 2746 tutoque
591 2684 709 2731 latet
748 2684 841 2730 sub
877 2681 1094 2745 tegmine
1129 2691 1319 2745 pectuS‚

100 2764 196 2814 hac
230 2780 432 2828 quoque
468 2773 763 2828 peruentum
799 2771 875 2812 est
907 2763 971 2812 ad
1004 2762 1207 2823 uiscera,
1243 2773 1417 2827 totque
1449 2781 1535 2828 per
1566 2781 1702 2813 arma

101 2851 374 2893 extremum
410 2852 486 2894 est
520 2843 658 2907 quod
694 2841 903 2907 quisque
936 2841 1061 2893 ferit.
1132 2841 1299 2893 ciuilia
1334 2843 1465 2893 bella
1624 2859 1697 2902 501

166 2951 213 2988 P.
238 2950 284 2986 1..
1538 2953 1564 2986 2
