1942 3100
185 101 252 152 24
602 98 828 138 LVCANI
867 98 948 138 DE
986 99 1183 140 BELLO
1221 97 1412 139 CIVILI

246 220 515 283 respexisse
549 230 722 282 uacat3
770 237 882 284 spes
918 238 1187 284 numquam
1222 220 1473 283 implenda
1506 219 1733 280 recessit3

248 302 366 365 quid
400 301 559 362 fueris,
596 318 729 351 nunc
764 301 885 350 scire
920 301 1047 350 licet.
1118 303 1232 364 fuge
1266 300 1452 363 proelia
1486 299 1604 361 dira,

245 401 304 433 ac
339 394 516 434 testare
552 385 674 433 deos
710 385 915 442 nullum,
953 383 1036 444 qui
1071 391 1256 446 perstet
1290 381 1342 430 in
1376 380 1536 441 armis,
1754 387 1836 440 690

246 465 345 513 iam
380 464 485 523 tibi,
523 466 718 526 Magne,
758 463 895 512 mori.
959 480 1050 513 ceu
1086 463 1259 513 flebilis
1293 461 1458 510 Africa
1492 460 1686 510 damnis

246 555 294 595 et
329 561 420 594 ceu
458 545 649 592 Munda
683 560 870 593 nocens
906 543 1183 605 Pharioque
1218 560 1247 591 a
1280 541 1466 606 gurgite
1500 541 1679 596 cladeS,

246 626 315 674 sic
350 635 398 674 et
434 623 746 674 Thessalicae
781 634 895 687 post
931 635 979 673 te
1014 641 1126 687 pars
1163 622 1375 671 maxima
1409 637 1606 686 pugnae

245 722 345 755 non
380 704 478 754 iam
515 706 720 767 Pompei
758 721 942 755 nomen
976 705 1211 767 populare
1245 720 1332 766 per
1366 706 1537 752 orbem

245 802 338 834 nec
374 785 589 834 studium
627 786 755 843 belli,
795 786 882 834 sed
916 801 1004 848 par
1038 786 1174 847 quod
1210 800 1405 847 semper
1438 785 1691 842 habemus,
1752 789 1832 841 695

243 865 440 914 libertas
477 874 525 915 et
562 867 758 924 Caesar,
797 865 914 926 erit3
964 875 1110 927 teque
1145 863 1262 914 inde
1295 866 1462 928 fugato

244 946 460 995 ostendit
494 945 708 995 moriens
745 945 836 994 sibi
871 961 925 994 se
959 961 1202 1008 pugnasse
1238 954 1446 994 senatus.

241 1077 408 1123 Better
438 1075 590 1137 defeat
621 1075 726 1123 and
754 1076 893 1122 deatlz
930 1075 1049 1122 tlzan
1084 1075 1262 1136 vzktory
1294 1075 1405 1122 suclz
1438 1090 1495 1122 as
1536 1073 1761 1122 Caesafls.

308 1177 489 1224 Nonne
524 1175 660 1224 iuuat
695 1177 889 1238 pulsum
925 1175 1066 1224 bellis
1101 1173 1305 1223 cessisse
1340 1191 1433 1224 nec
1467 1174 1597 1223 istud

239 1265 575 1317 perspectasse
612 1258 764 1314 nefaS,
802 1255 1072 1318 spumantis
1107 1255 1261 1304 caede
1296 1257 1551 1305 cateruas?

239 1335 424 1398 respice
459 1338 680 1384 turbatos
716 1335 914 1384 incursu
949 1334 1198 1398 sanguinis
1233 1351 1417 1395 amnes,
1751 1351 1831 1393 700

239 1426 288 1465 et
323 1415 477 1464 soceri
511 1415 738 1465 miserere
773 1415 857 1464 tui.
929 1432 1028 1478 quo
1063 1424 1261 1478 pectore
1296 1417 1510 1463 Romam

238 1494 437 1542 intrabit
471 1495 627 1542 factus
663 1493 854 1556 campis
886 1493 1072 1542 felicior
1106 1491 1247 1542 istis?

239 1573 476 1637 quidquid
511 1574 562 1622 in
598 1573 775 1636 ignotis
812 1575 948 1622 solus
978 1572 1259 1636 regionibus
1294 1572 1444 1631 exsul,

238 1653 480 1717 quidquid
515 1656 606 1703 sub
642 1654 819 1703 Phario
854 1654 1043 1716 positus
1079 1652 1263 1716 patiere
1299 1662 1520 1715 tyranno,

237 1736 384 1784 crede
419 1735 538 1794 deis,
575 1736 724 1798 longo
759 1736 970 1782 fatorum
1006 1736 1152 1782 crede
1186 1732 1355 1792 fauori,
1747 1748 1825 1792 705

236 1815 434 1863 uincere
469 1813 608 1877 peius
644 1824 758 1863 erat.
831 1813 1038 1877 prohibe
1074 1816 1290 1862 lamenta
1325 1829 1512 1873 sonare,

237 1896 350 1944 flere
386 1905 502 1944 ueta
536 1896 760 1957 populos,
798 1895 1022 1942 lacrimas
1057 1896 1315 1955 luctusque
1349 1893 1556 1943 remitte.

236 1986 337 2024 tam
373 1977 501 2024 mala
536 1974 744 2038 Pompei
779 1991 928 2037 quam
965 1991 1200 2037 prospera
1234 1975 1447 2023 mundus
1481 1975 1665 2023 adoret.

235 2055 437 2118 adspice
473 2072 670 2104 securus
706 2057 845 2103 uoltu
881 2071 981 2102 non
1019 2055 1244 2116 supplice
1278 2071 1445 2116 reges3

235 2135 434 2198 adspice
468 2151 719 2197 possessas
754 2135 899 2183 urbes
936 2135 1220 2196 donataque
1256 2150 1416 2196 regna,
1745 2151 1824 2192 710

235 2220 512 2279 Aegyptum
550 2213 888 2277 Libyamque:
936 2223 985 2263 et
1020 2223 1169 2262 terras
1206 2213 1328 2276 elige
1364 2212 1520 2262 morti.

599 2350 837 2412 Pompey's
870 2352 1077 2398 welcome
1110 2351 1160 2399 in
1196 2352 1391 2398 Larisa.

299 2449 438 2500 Vidit
471 2449 627 2513 prima
661 2459 774 2499 tuae
808 2450 946 2499 testis
981 2449 1147 2499 Larisa
1180 2450 1350 2500 ruinae

234 2531 401 2579 nobile
436 2547 529 2579 nec
564 2530 749 2578 uictum
784 2529 893 2577 fatis
929 2541 1094 2593 caput.
1165 2527 1393 2580 omnibus
1427 2530 1510 2580 illa

234 2609 425 2658 ciuibus
460 2609 630 2658 effudit
665 2618 794 2658 totas
829 2626 915 2671 per
950 2610 1147 2659 moenia
1181 2610 1308 2659 uires

234 2689 396 2747 obuia,
434 2705 525 2738 ceu
560 2690 688 2737 laeto
706 2708 719 2750 3
771 2691 1063 2751 promittunt
1097 2706 1300 2739 munera
1334 2691 1538 2739 flentes:
1740 2708 1818 2752 715

235 2770 458 2831 pandunt
493 2770 677 2831 templa
711 2770 923 2829 domos3
969 2770 1130 2820 socios
1166 2786 1218 2819 se
1253 2769 1473 2818 cladibus
1509 2779 1697 2834 optant.
