1942 3100
0 1632 42 1647 ΑΔ

4 1734 69 1757 ω’

168 174 232 213 10
578 165 809 211 LVCANI
848 169 930 210 DE
969 168 1166 210 BELLO
1204 168 1393 210 CIVILI

227 294 351 341 haec
384 293 486 340 fato
521 307 647 354 quae
682 299 806 340 teste
842 291 1030 352 probet,
1069 289 1178 352 quis
1213 289 1384 337 iustius
1419 304 1553 337 arma

228 372 511 435 sumpserit:
559 372 682 418 haec
717 369 846 418 acies
881 369 1065 417 uictum
1100 370 1284 417 factura
1317 377 1579 417 nocentem
1614 376 1702 416 est.
1738 374 1818 416 260

229 453 269 501 si
304 468 393 515 pro
428 467 508 499 me
543 450 749 513 patriam
784 451 909 497 ferro
945 448 1248 510 flammisque
1283 447 1486 510 petistis,

230 547 363 579 nunc
396 539 614 594 pugnate
650 539 810 578 truces
845 528 1110 591 gladioque
1146 527 1382 577 exsoluite
1418 528 1624 590 culpam.

229 613 363 659 nulla
396 626 570 657 manus
607 608 723 656 belli
758 617 947 656 mutato
982 608 1144 657 iudice
1179 624 1301 670 pura
1335 617 1420 656 est.

229 708 331 740 non
366 689 485 738 mihi
519 705 593 737 res
627 689 796 751 agitur,
836 689 925 736 sed
959 704 1062 747 uos,
1100 698 1155 736 ut
1188 688 1340 736 libera
1377 687 1478 735 sitis

230 773 385 828 turba,
422 785 607 832 precor,
644 777 815 831 gentes
849 777 904 816 ut
937 769 1011 816 ius
1046 767 1267 817 habeatis
1302 767 1353 815 in
1388 783 1574 816 omnes.
1739 774 1816 826 265

230 849 334 912 ipse
370 865 475 911 ego,
512 847 731 910 priuatae
766 846 975 908 cupidus
1012 863 1092 896 me
1127 848 1330 896 reddere
1366 846 1496 895 uitae

230 929 523 994 plebeiaque
558 938 673 990 toga
706 927 958 976 modicum
993 943 1293 990 componere
1328 925 1502 985 ciuem,

232 1011 398 1060 omnia
433 1011 552 1058 dum
587 1007 731 1056 uobis
765 1007 959 1065 liceant,
995 1008 1115 1056 nihil
1150 1024 1256 1056 esse
1292 1023 1477 1056 recuso,

232 1090 421 1139 inuidia
454 1098 654 1151 regnate
688 1104 810 1136 mea.
885 1104 977 1136 nec
1012 1088 1247 1151 sanguine
1283 1089 1439 1135 multo

234 1187 371 1234 spem
407 1170 582 1218 mundi
617 1168 817 1232 petitis:
868 1169 1025 1217 Graiis
1062 1170 1254 1218 delecta
1289 1168 1517 1216 iuuentus
1743 1184 1824 1225 270

233 1251 494 1315 gymnasiis
529 1250 685 1300 aderit
721 1250 983 1312 studioque
1018 1249 1196 1312 ignaua
1230 1251 1500 1312 palaestrae

239 1344 288 1382 et
323 1333 406 1380 uix
442 1347 577 1380 arma
610 1332 784 1390 ferens,
821 1339 905 1379 aut
940 1329 1119 1378 mixtae
1154 1329 1354 1378 dissona
1386 1332 1558 1377 turbae

237 1411 498 1471 barbaries,
536 1427 638 1458 non
672 1411 756 1458 illa
790 1413 945 1469 tubas,
983 1427 1085 1458 non
1120 1409 1312 1471 agmine
1348 1417 1485 1457 moto

235 1494 500 1541 clamorem
538 1493 695 1539 latura
727 1508 883 1539 suum.
955 1490 1120 1538 ciuilia
1153 1504 1342 1551 paucae

233 1572 366 1620 bella
400 1586 574 1617 manus
609 1569 818 1618 facient:
865 1585 1060 1632 pugnae
1096 1584 1207 1630 pars
1242 1583 1421 1630 magna
1454 1565 1638 1615 leuabit
1746 1584 1823 1627 275

183 1647 207 1721 l(
235 1651 310 1699 his
346 1652 517 1699 orbem
550 1650 746 1713 populis
783 1653 1167 1711 Romanumque
1202 1649 1392 1697 obteret
1426 1648 1633 1696 hostem.

237 1732 303 1779 ite
338 1746 426 1793 per
458 1730 659 1793 ignauas
693 1730 852 1793 gentis
886 1732 1172 1792 famosaque
1205 1744 1370 1791 regna,

238 1821 287 1860 et
322 1811 481 1874 primo
517 1810 628 1859 ferri
663 1820 802 1859 motu
838 1810 1131 1873 prosternite
1166 1809 1405 1856 mundum
1423 1825 1437 1868 3

237 1892 397 1955 sitque
433 1893 596 1953 palam
633 1908 753 1953 quas
790 1901 863 1940 tot
898 1890 1034 1940 duxit
1070 1888 1335 1951 Pompeius
1370 1888 1421 1935 in
1457 1889 1628 1937 urbem

238 1974 457 2023 curribus
491 1972 634 2020 unius
669 1982 840 2036 gentes
876 1989 977 2020 non
1014 1985 1120 2020 esse
1155 1968 1402 2032 triumphi.
1748 1976 1827 2017 280

241 2054 565 2103 Armeniosne
601 2062 782 2111 mouet,
821 2056 1052 2101 Romana
1084 2050 1307 2114 potentia
1341 2051 1477 2098 cuius

242 2135 303 2183 sit
338 2135 507 2183 ducis?
541 2143 625 2182 aut
661 2142 882 2196 emptum
918 2133 1123 2181 minimo
1158 2133 1263 2181 uolt
1298 2131 1532 2194 sanguine
1568 2131 1828 2195 quisquam

242 2215 476 2262 barbarus
515 2213 770 2276 Hesperiis
807 2215 1047 2275 Magnum
1084 2228 1385 2275 praeponere
1419 2211 1599 2260 rebus?

244 2298 500 2344 Romanos
537 2297 685 2344 odere
721 2311 893 2344 omnes
929 2294 1260 2354 dominosque
1294 2301 1559 2355 grauantur
1575 2309 1590 2352 ;

245 2393 368 2440 quos
404 2393 599 2435 nouere,
638 2376 804 2439 magis.
878 2376 967 2424 sed
1001 2391 1080 2423 me
1118 2377 1336 2422 Fortuna
1370 2389 1594 2422 meorum
1751 2380 1829 2432 285

245 2455 490 2504 commisit
525 2457 765 2514 manibus,
804 2471 1008 2517 quarum
1043 2470 1123 2502 me
1159 2452 1319 2501 Gallia
1353 2461 1530 2501 testem

245 2546 319 2585 tot
353 2536 468 2584 fecit
501 2537 655 2586 bellis.
726 2538 864 2584 cuius
900 2552 1002 2584 non
1038 2534 1203 2582 militis
1238 2550 1409 2583 ensem

246 2617 547 2677 agnoscam?
604 2617 893 2677 caelumque
929 2625 1142 2662 tremens
1178 2629 1292 2661 cum
1327 2614 1499 2661 lancea
1532 2611 1717 2671 transit,

247 2694 411 2743 dicere
445 2710 547 2741 non
582 2695 731 2752 fallar,
769 2710 869 2756 quo
906 2694 966 2742 sit
1000 2693 1191 2741 uibrata
1224 2693 1419 2740 lacerto.
1455 2682 1459 2687 ’

248 2773 386 2836 quod
420 2771 460 2821 si
496 2771 632 2835 signa
667 2774 843 2821 ducem
878 2788 1149 2834 numquam
1183 2770 1401 2820 fallentia
1434 2778 1652 2818 uestrum
1755 2786 1835 2826 290

248 2852 500 2915 conspicio
536 2852 781 2915 faciesque
818 2862 976 2901 truces
1013 2854 1283 2915 oculosque
1318 2853 1548 2908 minaces,
